1559 2584
118 64 196 102 150

589 78 776 107 VIRGILII
805 81 960 109 AENEIS.

220 161 294 196 Olli
312 173 377 206 per
395 161 537 205 dumos,
560 175 634 207 qua
652 167 818 209 proxima
836 171 934 203 meta
954 168 1109 213 viarum,

218 215 365 250 Armati
382 215 552 249 tendunt.
613 215 651 250 It
670 219 804 253 clamor
820 234 828 259 3
858 224 907 264 et,
929 222 1071 265 agmine
1090 223 1200 266 facto,

222 267 531 312 Quadrupedante
550 271 697 312 putrem
717 269 840 303 sonitu
859 275 979 314 quatit
998 276 1137 317 ungula
1156 287 1334 321 campum.

221 320 288 355 Est
306 321 434 364 ingens
451 320 614 365 gelidum
632 322 737 355 lucus
755 334 865 367 prope
886 323 1028 357 Caeritis
1046 336 1203 370 amnem,

220 373 412 417 Religione
430 376 578 417 patrum
596 374 670 408 late
689 386 788 409 sacer
809 389 815 410 :
843 376 1008 420 undique
1027 377 1135 411 colles

221 426 407 460 Inclusere
427 427 518 470 cavi,
541 429 578 460 et
597 427 700 472 nigra
718 440 848 462 nemus
867 429 985 462 abiete
1004 429 1127 474 cingit.

221 479 383 523 Sylvano
400 479 498 513 fama
516 482 571 513 est
590 483 730 514 veteres
749 483 906 515 sacrasse
926 482 1109 527 Pelasgos,

220 532 405 566 Arvorum
424 533 634 577 pecorisque
653 534 744 578 Deo,
765 534 963 579 lucumque
982 535 1164 581 diemque,

224 585 297 626 Qui
315 585 424 629 primi
442 586 532 619 fines
551 587 750 630 aliquando
769 587 928 621 habuere
948 588 1108 623 Latinos,

223 637 338 672 Haud
357 639 484 683 procul
501 639 587 673 hinc
607 640 745 674 Tarcho
765 643 802 674 et
822 641 1001 685 Tyrrheni
1018 644 1101 676 tuta
1118 643 1295 677 tenebant

224 692 351 725 Castra
368 692 456 725 locis
473 705 481 734 3
511 692 677 737 celsoque
697 693 814 727 omnis
832 694 878 727 de
898 695 988 728 colle
1005 695 1123 729 videri

221 744 248 778 J
250 756 309 778 am
326 747 471 789 poterat
489 745 595 789 legio,
618 748 655 779 et
673 746 759 780 latis
778 747 955 781 tendebat
973 748 1013 781 in
1032 749 1137 783 arvis

223 797 310 832 Huc
329 801 434 842 pater
452 798 590 832 AEneas
609 801 646 832 et
664 799 760 833 bello
779 800 873 834 lecta
886 800 1067 845 juventus

224 850 446 894 Succedunt,
467 852 625 896 fessique
644 855 681 886 et
700 864 812 897 equos
831 856 868 887 et
887 865 1035 898 corpora
1054 857 1192 889 curant.

277 904 329 937 At
348 904 476 938 Venus
494 905 671 939 aethereos
689 906 786 939 inter
803 906 883 940 Dea
901 907 1056 941 candida
1074 908 1218 942 nimbos

224 957 332 992 Dona
350 957 470 991 ferens
489 958 616 992 aderat
633 971 641 1000 ;
669 961 872 1003 natumque
891 960 930 993 in
949 961 1043 994 valle
1064 961 1216 996 reducta

224 1009 278 1044 Ut
295 1010 422 1054 procul
440 1011 580 1054 egelido
599 1014 778 1045 secretum
797 1012 948 1046 flumine
963 1013 1070 1057 vidit,

225 1063 374 1097 Talibus
394 1064 504 1097 affata
523 1066 578 1097 est
597 1064 718 1107 dietis,
741 1076 852 1109 seque
872 1066 1006 1099 obtulit
1025 1067 1124 1100 ultro
1142 1079 1149 1102 ε

228 1117 254 1134 “
266 1116 324 1149 En
343 1117 505 1160 perfecta
522 1116 595 1150 mei
613 1117 791 1161 promissa
810 1118 975 1162 conjugis
993 1122 1071 1153 arte

224 1168 383 1203 Munera
400 1182 407 1211 3
436 1181 483 1203 ne
502 1181 588 1203 mox
608 1173 673 1204 aut
693 1170 904 1215 Laurentes,
927 1176 1024 1215 nate,
1049 1172 1235 1218 superbos,

224 1222 303 1256 Aut
322 1234 442 1256 acrem
460 1223 606 1257 dubites
624 1223 662 1256 iu
682 1224 807 1268 praelia
826 1236 970 1268 poscere
991 1225 1193 1261 Turnum.'’

223 1275 343 1319 Dixit,
366 1278 403 1309 et
421 1276 612 1320 amplexus
630 1277 709 1310 nati
729 1277 908 1321 Cytherea
927 1278 1060 1322 petivit
1077 1292 1085 1320 3

224 1328 339 1362 Arma
358 1329 425 1362 sub
445 1329 596 1363 adversa
614 1330 737 1374 posuit
755 1331 937 1365 radiantia
956 1343 1101 1376 quercu.

225 1381 306 1425 Ille,
328 1381 416 1416 Deae
436 1382 541 1416 donis
560 1385 597 1416 et
615 1385 721 1417 tanto
739 1383 847 1418 laetus
865 1384 1014 1428 honore,

225 1434 377 1478 Expleri
394 1435 536 1479 nequit,
558 1438 669 1480 atque
688 1437 811 1470 oculos
829 1449 893 1481 per
912 1438 1054 1482 singula
1072 1438 1201 1482 volvit,

226 1487 473 1532 Miraturque,
496 1489 664 1533 interque
684 1501 814 1523 manus
834 1493 870 1524 et
889 1491 1036 1525 brachia
1055 1494 1176 1526 versat

224 1540 436 1574 Terribilem
457 1541 574 1575 cristis
592 1542 733 1586 galeam
752 1543 988 1588 flammasque
1007 1548 1230 1588 vomentem,

225 1593 503 1639 Fatiferumque
522 1606 657 1639 ensem,
680 1595 827 1629 loricam
847 1609 892 1630 ex
912 1609 982 1631 uere
1000 1597 1192 1642 rigentem,

226 1646 483 1691 Sanguineam,
503 1647 690 1691 ingentem
708 1661 715 1683 :
745 1649 863 1692 qualis
882 1661 996 1694 quum
1016 1651 1152 1685 coerula
1170 1651 1286 1685 nubes

227 1700 320 1734 Solis
339 1700 536 1734 inardescit
556 1701 678 1745 radiis,
699 1702 880 1746 longeque
899 1703 1066 1747 refulget.

227 1753 321 1787 Tum
339 1753 438 1787 leves
457 1765 579 1788 ocreas
598 1754 731 1788 electro
751 1767 912 1799 auroque
931 1759 1084 1799 recocto,

226 1806 471 1851 Hastamque,
494 1810 531 1840 et
551 1807 669 1851 clypei
688 1819 762 1841 non
782 1809 982 1843 enarrabile
1001 1812 1155 1844 textum.

228 1859 311 1893 Illic
330 1872 386 1893 res
407 1860 533 1904 Italas,
555 1860 878 1906 Romanorumque
897 1862 1115 1906 triumphos,

226 1912 342 1947 Haud
361 1913 479 1947 fatum
499 1913 647 1957 ignarus
666 1915 884 1959 venturique
904 1916 1039 1949 inscius
1058 1916 1140 1959 aevi,

227 1966 380 2000 Fecerat
398 1966 606 2010 ignipotens
623 1977 630 2001 :
661 1967 736 2000 11116
754 1979 869 2012 genus
889 1980 995 2002 omne
1013 1969 1150 2002 futurae

229 2019 359 2063 Stirpis
378 2019 424 2053 ab
443 2019 611 2063 Ascanio,
633 2024 867 2065 pugnataque
885 2021 924 2055 in
943 2021 1070 2055 ordine
1088 2022 1191 2056 bella.

228 2072 379 2106 Fecerat
399 2075 435 2105 et
455 2072 564 2106 viridi
581 2073 710 2107 foetam
730 2074 910 2108 Mavortis
928 2075 966 2108 in
985 2078 1092 2108 antro

228 2125 470 2159 Procubuisse
488 2126 614 2170 lupam
633 2139 639 2160 :
667 2127 830 2170 geminos
849 2128 934 2161 huic
954 2128 1065 2162 ubera
1083 2128 1219 2161 circum

229 2178 373 2212 Ludere
393 2179 594 2222 pendentes
613 2191 755 2223 puerOS,
779 2183 816 2214 et
834 2181 992 2215 lambere
1011 2184 1166 2215 matrem

231 2231 441 2275 Impavidos
458 2245 466 2272 ;
494 2232 607 2276 illam,
629 2233 738 2266 tereti
757 2234 894 2268 cervice
913 2234 1097 2277 reflexam,

230 2284 394 2318 Mulcere
413 2284 585 2328 alternos,
608 2288 645 2319 et
665 2297 814 2330 corpora
833 2287 967 2331 fingere
987 2287 1122 2331 lingua.

231 2337 269 2370 N
272 2349 311 2372 cc
328 2337 454 2381 procul
472 2337 557 2371 hinc
576 2338 746 2383 Romam,
769 2342 806 2373 et
825 2343 947 2384 raptas
967 2339 1044 2374 sine
1064 2351 1163 2374 more
1183 2337 1335 2374 Sabinas

1391 222 1433 243 595

1393 480 1435 502 600

1393 747 1435 767 605

1397 1011 1438 1032 51⁰

1397 1276 1438 1297 615

1398 1542 1439 1562 (12)

1398 1808 1440 1828 625

1400 2072 1443 2093 630

1398 2336 1439 2358 6:55
