1492 2589
286 628 351 690 P.
417 628 801 691 VIRGILII
875 624 1261 689 MARONIS

548 757 999 814 BUCOLICON

668 902 873 942 LIBER.

495 1180 692 1216 ECLOGA
721 1179 1036 1215 I.—T1TYRUS.

548 1294 698 1317 MELIBOE
702 1294 756 1318 US.
816 1293 985 1318 TITYRUS.

163 1363 261 1397 MEL.
295 1363 450 1406 TITYRE,
471 1365 515 1397 tu
532 1363 668 1407 patulae
687 1363 863 1397 recubans
883 1363 950 1396 sub
969 1361 1129 1406 tegmine
1148 1359 1223 1406 fagi

110 1415 331 1460 Sylvestrem
349 1416 452 1449 tenui
470 1427 611 1449 musam
622 1415 824 1449 >meditaris
836 1416 952 1449 avenai,
972 1427 979 1449 :

108 1467 188 1503 Nos
206 1469 333 1513 patriae
352 1469 441 1502 fines
456 1471 493 1502 et
512 1468 633 1502 dulcia,
651 1468 851 1512 linquimus
870 1479 957 1501 arva
973 1480 982 1509 3

108 1521 187 1555 Nos
205 1522 359 1565 patriam
378 1521 538 1565 fugimus
559 1533 565 1555 :
594 1523 648 1564 tu,
671 1521 808 1564 Tityre,
831 1521 953 1554 lentus
972 1521 1010 1553 in
1030 1520 1161 1554 umbra

107 1574 318 1608 Formosam
336 1585 501 1607 resonare
520 1574 626 1607 doces
644 1574 873 1617 Amaryllida
891 1573 1008 1607 silvas.

160 1627 235 1661 ΤΙΤ.
270 1627 300 1661 O
320 1627 504 1669 Meliboee,
526 1627 616 1660 deus
635 1626 739 1659 nobis
757 1627 834 1659 haec
853 1626 928 1659 otia
945 1626 1034 1659 fecit
1051 1638 1059 1661 ε

107 1679 277 1723 Namque
297 1679 364 1713 erit
383 1679 444 1713 ille
462 1679 553 1713 mihi
572 1691 712 1722 semper
731 1679 820 1712 deus
839 1691 845 1713 :
874 1679 972 1712 illius
999 1690 1100 1713 aram

107 1732 209 1775 Saepe
226 1735 330 1765 tener
347 1732 480 1765 nostris
498 1732 543 1765 ab
555 1732 710 1766 ovilibus
730 1732 869 1765 imbuet
889 1743 1013 1776 agnus.

107 1785 174 1818 Ille
193 1796 290 1818 meas
309 1796 426 1818 errare
445 1785 567 1828 boves,
590 1787 632 1818 ut
652 1785 780 1828 cernis,
803 1787 840 1818 et
860 1785 981 1828 ipsum

105 1837 260 1880 Ludere,
289 1849 370 1881 quae
388 1838 531 1880 vellem,
554 1838 692 1871 calamo
711 1837 873 1881 permisit
894 1837 1037 1881 agresti.

159 1890 257 1923 MEL.
290 1890 329 1923 N
330 1902 377 1924 on
396 1890 565 1934 equidem
583 1890 730 1924 invideo
747 1904 755 1931 3
783 1890 895 1923 miror
913 1890 1027 1934 magis
1047 1903 1054 1924 ε
1083 1890 1249 1935 undique
1267 1888 1358 1924 totis

105 1941 230 1986 Usque
249 1942 338 1976 adeo
355 1943 525 1977 turbatur
542 1944 645 1987 agris.
706 1943 776 1987 En,
798 1943 873 1987 ipse
893 1943 1047 1986 capellas

104 1995 285 2029 Protenus
304 2006 399 2039 aeger
416 2007 482 2039 ago
499 2009 507 2037 ;
533 1996 626 2029 hanc
645 1996 757 2030 etiam
776 1996 851 2040 vix,
874 1996 1012 2040 Tityre,
1035 1996 1140 2031 duco.

104 2047 176 2081 Hic
195 2048 291 2081 inter
309 2048 438 2081 densas
457 2049 596 2091 corylos
614 2049 723 2082 modo
742 2060 900 2092 namque
918 2049 1103 2092 gemellos,

104 2100 212 2144 Spem
229 2100 356 2144 gregis,
379 2101 444 2135 ah!
474 2101 572 2134 silice
590 2101 630 2135 in
647 2102 748 2136 nuda
767 2102 923 2135 connixa
944 2102 1103 2145 reliquit.

103 2153 205 2197 Saepe
223 2154 360 2187 malum
378 2153 446 2187 hoc
464 2154 579 2196 nobis,
602 2154 633 2187 si
651 2165 753 2188 meus
772 2166 846 2187 non
865 2155 958 2188 laeva
977 2155 1106 2188 fuisset

103 2205 158 2239 De
178 2206 268 2240 coelo
286 2209 402 2240 tactas
421 2206 571 2240 memini
590 2206 784 2250 praedicere
804 2218 959 2250 quercus
980 2220 988 2248 ;

102 2253 220 2306 [Saepe
240 2259 385 2292 sinistra
404 2257 490 2293 cavfi
508 2259 680 2303 praedixit
698 2260 744 2293 ab
763 2260 843 2293 ilice
863 2255 1025 2308 cornix.]

103 2311 170 2344 Sed
190 2314 326 2354 tamen,
348 2311 416 2345 iste
436 2312 524 2345 deus
544 2313 607 2356 qui
626 2312 686 2355 sit,
709 2312 767 2355 da,
789 2313 925 2356 Tityre,
948 2311 1061 2345 nobis.

154 2363 229 2398 Tm
264 2364 412 2408 Urbem,
435 2376 545 2409 quam
565 2365 693 2400 dicunt
713 2366 878 2409 Romam,
897 2365 1082 2408 Meliboee,
1104 2363 1233 2409 putavi

1225 2433 1246 2455 B

1395 1835 1423 1855 1⁰
