1528 2569
626 109 760 136 mmm
788 109 828 137 v.
1335 99 1385 136 81

177 197 320 231 Tertius
340 197 506 241 Argolica
523 197 591 231 hac
609 198 712 242 galea
729 199 924 232 contentus
941 196 1081 233 abizoss’

232 250 324 285 Haec
342 251 406 284 ubi
423 251 533 294 dicta,
554 251 675 285 locum
694 251 853 295 capiunt,
875 252 1051 295 signoque
1068 254 1218 294 repente

181 303 390 347 Corripiunt
407 305 525 348 spatia
543 304 682 348 audito,
699 304 883 348 limenque
902 304 1117 348 relinquunt

179 356 306 400 Effusi,
328 356 452 390 nimbo
470 357 604 390 similos
622 370 630 398 ;
659 350 767 390 simul
784 357 916 391 ultima
934 357 1088 401 signant.

178 409 323 443 Primus
341 410 430 452 abit,
447 410 626 454 longeque
645 413 730 444 ante
750 411 872 444 omnia
890 421 1040 454 corpora.
1058 409 1174 444 Nisus

145 487 147 490 .
177 462 332 506 Emicat,
354 466 392 496 et
410 463 529 496 ventis
548 466 585 497 et
602 463 767 497 fulminis
786 475 895 507 ocyor
913 464 980 498 alis
997 476 1004 498 ι

113 511 135 542 s
179 515 374 550 Proximus
392 516 490 559 huic,
512 516 620 560 longo
640 516 703 549 sed
721 516 909 560 proximus
927 516 1135 560 intervallo,

177 568 390 612 Insequitur
410 568 528 602 Salius
546 582 552 603 :
581 570 698 613 spatio
717 572 799 613 post
819 569 950 603 deinde
969 569 1095 603 relicto

177 622 321 656 Tertius
339 622 520 666 Euryalus
540 635 547 657 z

176 674 451 719 Euryalumque
470 675 651 718 Helymus
670 675 836 718 sequitur
853 687 861 710 ε
890 686 963 719 quo
982 675 1114 709 deinde
1134 675 1202 709 sub
1220 675 1298 720 ipso

177 727 270 762 Ecce
289 728 398 771 volat,
423 728 629 771 calcemque
646 728 733 761 terit
747 728 826 772 jam
845 728 940 762 calce
959 728 1100 771 Diores,

176 780 397 814 Incumbens
414 780 566 814 humero
585 793 592 814 :
620 781 737 824 spatia
755 783 792 814 et
811 780 841 813 si
858 781 964 824 plura
981 781 1175 825 supersint,

177 834 351 867 Transeat
369 834 511 877 elapsus
529 833 636 877 prior,
661 834 917 877 ambiguumve
935 834 1128 877 relinquat.

176 886 334 930 Jamque
353 887 428 920 fere
447 887 563 930 spatio
583 890 745 920 extremo
764 887 922 931 fessique
942 887 1009 920 sub
1028 887 1146 930 ipsam

178 939 308 973 Finem
326 939 585 982 adventabant,
610 939 682 973 leri
701 951 817 983 quum
835 940 1011 984 sanguine
1030 940 1145 974 Nisus

177 992 330 1026 Labitur
348 993 478 1026 infelix
493 1006 502 1033 3
531 993 632 1026 caesis
650 996 694 1026 ut
711 993 806 1026 forte
820 993 990 1037 juvencis

178 1045 297 1079 Fusus
315 1046 469 1079 humum
487 1046 691 1090 viridesque
711 1057 819 1090 super
836 1046 1077 1080 madefecerat
1095 1046 1235 1081 herbas,

179 1098 252 1132 Hic
266 1099 421 1143 juvenis,
442 1099 520 1142 jam
538 1101 655 1133 victor
673 1111 795 1142 ovans,
819 1099 973 1143 vestigia
990 1111 1113 1143 presso

180 1151 293 1185 Haud
311 1153 432 1185 temnit
450 1152 611 1186 titubata
629 1152 704 1185 solo
722 1165 730 1193 ;
759 1152 822 1185 sed
833 1164 968 1196 pronus
986 1152 1024 1186 in
1044 1153 1122 1196 ipso

179 1204 346 1238 Concidit
364 1205 626 1249 immundoque
637 1205 723 1239 fimo
737 1217 909 1249 sacroque
929 1217 1064 1239 cruore.

179 1257 266 1291 Non
285 1260 408 1292 tamen
428 1258 590 1302 Euryali,
605 1270 679 1291 non
698 1258 759 1291 ille
778 1258 913 1292 oblitus
932 1270 1097 1292 amorum
1114 1271 1122 1293 :

179 1310 278 1344 Nam
297 1322 373 1344 sese
392 1311 560 1355 opposuit
580 1311 685 1354 Salio,
709 1323 773 1355 per
790 1311 928 1345 lubrica
947 1323 1096 1356 surgens
1113 1324 1123 1354 3
1349 1310 1390 1331 ‘⁹¹3⁵

179 1363 248 1397 Ille
266 1367 390 1398 autem
409 1364 523 1408 spissa
537 1364 654 1408 jacuit
672 1364 859 1398 revolutus
878 1367 997 1398 arena..

179 1416 322 1451 Emicat
341 1417 532 1461 Euryalus,
557 1421 593 1451 et
613 1429 762 1450 munere
781 1417 898 1451 victor
916 1418 1022 1451 amici

178 1469 302 1503 Prima
319 1473 434 1513 tenet,
457 1470 659 1514 plausuque
679 1470 778 1504 volat
796 1471 1018 1514 fremituque
1037 1471 1206 1507 secundo,

178 1523 268 1557 Post
287 1523 469 1567 Helymus
488 1523 599 1566 subit,
622 1527 659 1557 et
673 1535 771 1556 nunc
790 1524 901 1557 tertia
918 1524 1040 1567 palma
1058 1524 1197 1560 Diores,

178 1575 252 1610 Hic
269 1579 391 1610 totum
411 1588 529 1610 cavete
548 1588 754 1610 consessum
773 1576 942 1620 ingentis,
967 1579 1004 1610 et
1028 1589 1091 1611 ora
1349 1576 1390 1596 ³³⁰

176 1628 301 1663 Prima
319 1632 475 1674 patrum,
499 1630 640 1673 magnis
660 1630 778 1663 Salius
796 1630 1013 1664 clamoribus
1031 1631 1159 1675 implet
1174 1643 1184 1673 3

176 1681 427 1726 Ereptumque
446 1683 529 1717 dolo
547 1683 652 1716 reddi
670 1683 739 1716 sibi
756 1683 871 1727 poscit
889 1683 1072 1718 honorem.

177 1735 336 1769 Tutatur
353 1737 456 1769 favor
474 1736 690 1779 Euryalum,
712 1737 956 1780 lacrymaeque
974 1737 1126 1781 decorae,

178 1788 326 1822 Gratior
344 1791 381 1822 et
400 1789 552 1832 pulchro
571 1789 721 1822 veniens
739 1789 777 1822 in
797 1800 944 1833 corpore
962 1789 1089 1823 virtus.

177 1842 353 1885 Adiuvat,
378 1844 415 1875 et
434 1844 565 1885 magna
583 1842 782 1885 proclamat
804 1854 888 1876 voce
908 1842 1049 1886 Diores,
1348 1841 1390 1862 ³⁴⁵

178 1894 250 1936 Qui
269 1895 380 1928 subiit
399 1895 530 1938 palmae
551 1908 558 1935 3
587 1895 796 1938 frustraque
816 1895 862 1929 ad
881 1895 1029 1938 praemia
1043 1896 1145 1929 venit

176 1947 330 1991 Ultima,
353 1948 383 1982 si
401 1948 509 1991 primi
529 1948 626 1982 Salio
644 1948 851 1982 redduntur
869 1948 1032 1982 honores.

176 2001 269 2036 Tum
287 2004 390 2046 pater
409 2002 547 2036 ,RE-neas
565 2014 572 2036 ε
604 2003 628 2020 “
644 2001 814 2043 Vestra,''
832 2001 966 2045 inquit,
995 2002 1020 2020 “
1032 2013 1185 2035 munera
1202 2001 1306 2036 vobis

177 2055 286 2089 Certa
304 2058 464 2098 mane-nt,
488 2054 602 2099 pueri,
626 2057 663 2088 et
682 2055 840 2098 palmam
859 2057 983 2088 movet
1001 2054 1128 2088 ordine
1146 2066 1254 2089 nemo
1275 2067 1282 2090 ε

177 2108 241 2142 Me
259 2109 367 2142 liceat
386 2110 488 2142 cassis
507 2108 667 2142 misereri
685 2107 839 2141 insontis
857 2107 1000 2141 amici.''

177 2161 236 2195 Sic
253 2162 364 2204 fatus,
386 2163 531 2205 tergum
551 2161 687 2196 Gaetuh'
707 2162 865 2195 immane
883 2160 997 2194 leonis

176 2213 252 2248 Dat
271 2214 379 2258 Salio,
401 2215 498 2248 villis
517 2226 709 2249 onerosum
728 2218 839 2258 atque
858 2213 1042 2257 unguibus
1059 2214 1187 2248 aureis.

177 2268 250 2301 Hic
268 2267 392 2311 Nisus,
421 2267 486 2302 “Si
504 2267 648 2311 tanta,''
666 2267 798 2312 inquit,
829 2269 954 2301 “sunt
972 2266 1122 2311 praemia
1139 2266 1258 2311 victis,

176 2320 226 2354 Et
244 2324 282 2354 te
300 2321 482 2365 lapsorum
501 2321 648 2355 miseret
668 2334 676 2362 ;
704 2332 787 2365 quac
806 2331 958 2354 munera
975 2319 1069 2354 Niso

177 2374 295 2418 Digna
315 2374 430 2417 dabis,
452 2374 606 2418 primam
626 2374 742 2408 merui
763 2373 826 2418 qui
845 2373 953 2407 laude
971 2384 1140 2407 coronam
1160 2386 1168 2414 ;

1196 2431 1216 2453 E
1240 2423 1258 2453 3

1348 249 1388 269 315

1347 513 1388 534 32⁰

1347 779 1389 799 325

1348 1044 1390 1064 330

1347 2104 1390 2126 350

1347 2369 1387 2390 35⁵
