1559 2584
122 107 175 143 30

558 114 742 142 VIRGILII
774 112 1006 140 GEORGICA.

228 201 368 237 Felices
387 212 548 246 operum.
611 200 788 242 Quintam
807 200 892 243 fuge
914 212 921 234 :
949 198 1108 243 pallidus
1129 198 1242 232 Orcus

229 254 525 298 Eumenidesque
545 257 634 288 satae
655 267 662 295 3
691 256 772 287 tum
791 257 899 296 partu
919 253 1028 286 Terra
1046 252 1206 286 nefando

232 309 434 352 Coeumque
454 308 696 351 Iapetumque
716 309 827 348 creat,
849 317 1060 349 saevumque
1078 305 1262 349 Typhoea,

229 362 279 396 Et
298 361 506 405 conjuratos
526 361 659 394 coelum
678 359 881 393 rescindere
900 359 1039 392 fratres.

232 416 301 449 Ter
319 417 406 448 sunt
426 414 546 448 conati
564 414 750 457 imponere
770 412 872 445 Pelio
894 411 1022 445 Ossam

232 468 388 510 Scilicet,
410 470 522 511 atque
543 467 642 500 Ossae
662 465 877 499 frondosum
895 465 1082 498 involvere
1102 463 1301 508 Olympum
1321 475 1329 498 :

230 521 299 555 Ter
318 521 430 554 Pater
449 522 655 554 exstructos
674 518 818 562 disjecit
837 518 991 551 fuhnine
1011 520 1164 551 montes.

233 574 395 618 Septima
414 576 496 617 post
516 573 693 606 decimam
712 572 814 615 felix,
831 574 868 605 et
886 582 1020 615 ponere
1039 571 1168 614 vitem,

231 628 281 662 Et
299 638 448 671 prensos
466 626 644 660 domitare
664 626 787 668 boves,
810 627 848 658 et
866 625 949 658 licia
967 624 1052 657 telae

232 681 379 715 Addere
400 692 408 715 :
436 691 534 713 nona
553 680 649 723 fugae
668 678 808 721 melior,
831 678 1011 712 contraria
1030 677 1148 711 furtis.

286 734 411 767 Multa
429 733 519 766 adeo
538 733 660 776 gelida
679 732 809 765 melius
828 742 865 764 se
884 734 991 764 nocte
1011 730 1156 773 dedere,

233 787 312 821 Aut
333 798 448 831 quum
467 786 548 820 Sele
568 797 663 819 novo
682 788 798 818 terras
816 785 946 818 irrorat
965 784 1072 817 Eous.

234 840 354 874 Nocte
374 840 471 873 leves
490 839 636 883 stipulae
655 838 798 881 melius,
819 840 926 871 nocte
945 837 1047 870 arida
1065 838 1169 880 prata

235 893 449 927 Tondentur
466 906 474 934 ;
502 896 627 927 noctes
646 892 768 925 lentus
787 903 862 924 non
881 891 1006 924 deficit
1023 890 1164 924 humer.

234 946 285 980 Et
304 946 455 991 quidam
474 957 572 979 seros
590 945 735 978 hiberni
753 944 799 978 ad
816 943 966 977 luminis
985 943 1087 987 ignes

235 999 448 1043 Pervigilat,
471 999 639 1042 ferroque
658 999 754 1032 faces
772 997 927 1041 inspicat
947 1000 1054 1030 acuto
1075 1008 1083 1032 :

237 1053 385 1086 Interea
403 1052 554 1096 longmn
573 1054 684 1085 cantu
704 1051 819 1084 solata
837 1050 999 1084 laborem

236 1106 379 1149 Arguto
399 1106 535 1149 conjux
553 1105 732 1148 percurrit
751 1104 894 1148 pectine
913 1104 1005 1137 telas
1027 1115 1035 1144 ;

235 1160 315 1193 Aut
335 1158 452 1191 dulcis
471 1158 585 1191 musti
603 1157 771 1191 Vulcano
791 1157 962 1200 decoquit
981 1157 1185 1199 humorem,

236 1212 286 1245 Et
304 1211 402 1245 foliis
420 1211 561 1244 undam
580 1211 695 1254 tepidi
714 1211 909 1254 despumat
929 1210 1046 1243 aheni.

292 1265 345 1298 At
364 1264 570 1298 rubicunda
590 1264 696 1297 Ceres
716 1263 837 1296 medio
864 1263 1064 1296 succiditur
1082 1265 1189 1306 aestu,

239 1318 289 1352 Et
308 1318 428 1351 medio
448 1320 565 1350 tostas
585 1320 678 1350 cestu
697 1317 783 1350 terit
804 1328 885 1350 area
904 1316 1035 1359 fruges.

238 1371 374 1405 Nudus
394 1382 467 1414 ara,
491 1382 568 1404 sere
587 1370 709 1403 nudus
730 1383 737 1411 3
765 1370 882 1403 hienis
901 1369 1032 1413 ignara
1051 1369 1188 1403 colono.

238 1424 450 1468 Frigoribus
470 1426 575 1468 parto
594 1423 760 1467 agricolae
780 1423 995 1467 plerumque
1016 1423 1203 1466 fruuntur,

239 1478 450 1521 Mutuaque
469 1478 566 1510 inter
585 1489 622 1510 se
642 1477 719 1510 lecti
738 1476 905 1510 convivia
924 1478 1053 1509 curant
1074 1489 1082 1517 ;

237 1531 382 1565 Invitat
401 1530 552 1574 genialis
572 1529 700 1573 h'eins,
724 1541 900 1573 curasque
920 1529 1070 1562 resolvit
1088 1541 1095 1563 :

239 1583 316 1618 Ceu
333 1595 465 1628 pressae
485 1595 599 1627 quum
614 1583 692 1627 jam
711 1586 858 1626 portum
877 1582 1029 1627 tetigere
1049 1582 1192 1625 carinae,

241 1637 433 1681 Puppibus
453 1639 490 1670 et
510 1637 586 1670 loeti
605 1639 729 1670 nautae
748 1636 951 1679 imposuere
972 1647 1129 1669 coronas.

242 1690 312 1724 Sed
333 1693 457 1723 tamen
476 1693 513 1723 et
533 1701 689 1733 quernas
708 1689 858 1733 glandes
877 1692 958 1722 tum
978 1689 1155 1732 stringere
1174 1691 1345 1733 tempus,-

242 1743 293 1778 Et
311 1743 406 1776 lauri
424 1743 562 1786 baccas,
585 1743 787 1786 oleamque,
811 1745 1034 1786 eruent-aque
1054 1745 1176 1785 myrta
1197 1754 1203 1776 :

245 1797 347 1830 Tunc
367 1796 518 1840 gruibus
537 1796 695 1840 pedicas,
718 1798 755 1829 et
773 1795 866 1829 retia
885 1807 1019 1839 ponere
1040 1796 1166 1838 cervis,

241 1849 466 1893 Auritosque
485 1849 589 1892 sequi
607 1849 746 1893 lepores
764 1861 771 1883 t
799 1851 882 1882 tum
901 1849 1009 1892 figere
1029 1849 1167 1891 damas,

242 1903 379 1946 Stupea
397 1904 631 1946 torquentem
651 1902 813 1935 Balearis
836 1902 987 1935 verbera
1005 1902 1132 1935 fundae
1153 1915 1160 1943 3

243 1955 366 1996 Quum
385 1955 450 1988 nix
469 1956 543 1989 alta
557 1955 668 1999 jacet,
683 1955 834 1999 glaciem
854 1966 969 1998 quum
988 1955 1140 1988 fiumina
1159 1955 1324 1990 trudunt.

297 2008 394 2049 Quid
414 2011 650 2052 tempestates
669 2008 839 2042 autumni
859 2011 896 2042 et
915 2008 1033 2042 sidera
1051 2008 1169 2042 dicam
1188 2010 1199 2043 ’ἓ

242 2062 368 2105 Atque
386 2061 451 2094 ubi
465 2061 544 2105 jam
564 2062 780 2106 breviorque
799 2061 888 2104 dies,
911 2064 948 2095 et
967 2061 1110 2095 mollior
1129 2066 1248 2105 aestas,

245 2114 335 2155 Quae
355 2114 540 2158 vigilanda
558 2115 673 2148 viris?
700 2115 760 2148 vel
781 2126 896 2158 quum
915 2114 991 2148 ruit
1010 2115 1239 2149 imbriferum
1260 2125 1334 2157 ver,

244 2167 370 2211 Spicea
384 2167 462 2211 jam
482 2168 616 2211 campis
637 2179 750 2211 quum
771 2168 896 2201 messis
915 2167 1111 2210 inhorruit,
1129 2172 1166 2202 et
1186 2180 1303 2212 quum

242 2221 444 2254 Frumenta
463 2221 501 2254 in
522 2221 630 2254 viridi
650 2221 786 2265 stipula
805 2221 979 2254 lactentia
997 2223 1148 2263 turgent
1164 2221 1175 2255 ‘2

245 2273 347 2317 Saepe
368 2285 445 2317 ego,
464 2285 578 2317 quum
598 2274 701 2307 flavis
720 2285 915 2307 messorem
934 2273 1124 2307 induceret
1143 2274 1240 2308 arvis

241 2326 422 2370 Agricola,
445 2329 482 2360 et
502 2326 620 2370 fragili
636 2327 714 2370 jam
734 2327 928 2370 stringeret
947 2326 1083 2360 hordea
1102 2327 1235 2370 culmo,

244 2379 376 2414 Omnia
394 2382 588 2413 ventorum
608 2391 818 2413 concurrere
838 2379 962 2423 proclia
980 2379 1071 2422 vidi,

1413 886 1456 907 2⁹¹¹

1417 1154 1459 1175 2¹³5

1421 1418 1461 1440 3³0

1422 1685 1463 1706 ³0⁵

1423 1951 1465 1973 ³30

1424 2216 1463 2237 315
