1528 2569
630 85 764 112 LIBER
794 85 850 113 vr.
1316 77 1329 114 1
1344 78 1394 114 05

186 172 271 215 Hie,
294 183 384 216 quos
404 172 517 206 durus
536 183 636 206 amor
655 173 792 207 crudeli
810 171 893 206 tabe
912 172 1066 217 peredit,

188 225 322 259 Secreti
341 226 459 259 celant
479 225 596 268 calles,
619 228 655 259 et
674 229 814 269 myrtea
834 225 968 259 circum

188 277 299 321 Sylva
317 278 409 322 tegit
426 291 433 312 ε
462 289 557 311 curae
577 289 649 311 non
670 279 748 322 ipsa
765 278 803 311 in
822 281 941 312 morte
960 278 1182 323 relinquunt.

187 329 257 364 His
269 330 461 364 Phaedram
473 330 696 374 Procrimque
710 331 809 374 locis,
824 334 1064 375 moestamque
1079 332 1279 376 Eriphylen

188 383 352 417 Crudelis
370 382 449 417 nati
467 386 730 417 monstrantem
747 384 910 427 vulnera,
932 385 1061 428 cernit,

188 434 448 480 Evadnenque,
471 438 508 470 et
527 435 750 480 Pasiphaen:
778 437 836 471 his
854 437 1050 471 Laodamia

186 486 224 522 It
243 500 360 523 comes
371 502 380 530 3
409 491 446 522 et
459 488 608 533 juvenis
628 489 824 532 quondam,
846 501 943 523 nunc
963 490 1126 534 foemina,
1149 488 1281 534 Caenis,

184 540 325 574 Rursus
345 544 381 575 et
400 541 439 575 iu
457 544 616 575 veterem
636 542 712 576 fato
731 543 896 576 revoluta
915 543 1079 586 figuram.

185 593 288 627 Inter
306 606 395 638 quas
414 594 604 628 Phoenissa
622 606 745 628 recens
764 607 785 628 a
806 595 951 628 vulnere
970 595 1066 629 Dido

186 646 339 680 Errabat
358 647 462 691 sylva
481 647 518 680 in
539 649 670 691 magna
691 659 697 681 ε
727 659 837 691 quam
856 648 984 681 Troius
1002 648 1107 682 heros

186 698 239 732 Ut
257 699 414 742 primum
429 699 539 743 juxta
558 700 670 742 stetit,
695 700 916 743 agnovitque
935 712 998 743 per
1016 701 1183 734 umbram

185 751 395 794 Obscuram,
420 752 563 795 qualem
583 752 699 795 primo
719 752 783 796 qui
803 764 946 796 surgere
965 764 1088 786 mense

186 805 261 837 Aut
281 804 381 838 videt
400 807 464 838 aut
484 804 615 838 vidisse
634 807 741 848 putat
759 816 823 848 per
841 805 967 838 nubila
985 805 1124 849 lunam,

184 856 341 890 Demisit
359 857 548 901 lacrymas,
563 857 733 901 dulcique
753 858 883 891 affatus
901 869 1022 891 amore
1041 861 1096 891 est
1117 871 1124 893 :

186 910 212 927 “
227 909 361 943 Infelix
380 909 489 953 Dido,
512 921 618 943 verus
638 910 728 943 mihi
746 910 899 944 nuntius
918 922 1001 954 ergo

183 961 344 996 Venerat
362 963 592 1006 exstinctam,
614 963 780 1007 fenoque
799 966 961 997 extrema
979 965 1139 997 secutam
1156 963 1169 998 2

185 1014 338 1049 Funeris
355 1015 427 1049 heu
445 1015 514 1049 tibi
533 1027 639 1049 causa
657 1016 712 1049 fui
731 1017 737 1049 1
768 1028 831 1059 per
850 1016 966 1050 sidera
980 1016 1077 1061 juro,

182 1068 253 1101 Per
271 1080 430 1112 superos,
452 1071 489 1102 et
507 1068 537 1102 si
555 1080 627 1113 qua
645 1069 734 1102 fides
753 1069 883 1102 tellure
902 1069 970 1103 sub
988 1069 1062 1103 ima
1081 1072 1148 1112 est,

183 1120 341 1164 Invitus,
363 1121 497 1165 regina,
521 1124 585 1155 tuo
604 1121 649 1154 de
668 1121 790 1155 littore
810 1122 907 1155 cessi.

183 1173 254 1207 Sed
273 1185 331 1208 me
346 1174 446 1218 jussa
465 1174 597 1217 Deum,
620 1186 702 1218 quae
722 1185 819 1208 nunc
838 1175 902 1208 has
921 1174 972 1208 ire
990 1186 1054 1218 per
1073 1175 1230 1219 umbras,

182 1226 253 1259 Per
270 1226 349 1260 loca
368 1230 470 1260 senta
489 1227 561 1260 situ
581 1230 716 1271 cogunt
734 1230 951 1271 noctemque
970 1227 1202 1272 profundam,

183 1278 348 1323 Imperiis
367 1279 468 1323 egere
488 1280 561 1313 suis
580 1293 588 1321 3
617 1291 683 1314 nec
702 1280 845 1314 credere
864 1280 966 1324 quivi

182 1330 294 1365 Hunc
313 1334 458 1366 tantum
477 1332 546 1366 tibi
564 1344 621 1366 me
641 1333 799 1366 discessu
817 1333 910 1366 ferre
930 1333 1100 1367 dolorem.

182 1383 275 1418 Siste
293 1384 458 1429 gradum,
480 1388 589 1430 teque
608 1388 755 1429 aspectu
775 1397 820 1419 ne
841 1386 1014 1419 subtrahe
1033 1389 1167 1421 nostro.
1349 1385 1390 1406 ⁴⁶³

182 1436 299 1478 Quem
311 1438 405 1482 fugis
423 1438 435 1472 2
462 1441 665 1472 extremum
683 1438 772 1481 fato,
790 1438 887 1483 quod
907 1441 944 1472 te
963 1439 1139 1483 alloquor,
1156 1440 1224 1473 hoc
1243 1442 1307 1475 est.
1315 1440 1335 1457 ”

181 1490 328 1524 Talibus
347 1491 484 1524 AEneas
503 1491 691 1524 ardentem
710 1494 748 1525 et
765 1494 869 1525 torva
887 1494 1054 1525 tuentem

179 1542 334 1577 Lenibat
354 1543 461 1578 dictis
479 1544 649 1587 animam,
671 1545 921 1588 lacrymasque
940 1544 1066 1579 ciebat.

180 1595 251 1630 Illa
269 1596 345 1630 solo
364 1597 456 1630 fixos
475 1597 597 1631 oculos
615 1609 742 1631 aversa
759 1598 908 1631 tenebat
928 1610 936 1639 ;

180 1648 217 1682 N
220 1660 260 1683 ec
278 1649 392 1694 magis
411 1649 556 1693 incepto
575 1650 719 1683 vultum
740 1661 902 1684 sermone
922 1654 1102 1695 movetur,

181 1701 298 1742 Quam
318 1703 348 1736 si
367 1702 459 1736 dura
477 1703 567 1736 silex
586 1705 651 1737 aut
670 1706 743 1737 stet
762 1703 944 1747 Marpesia
963 1707 1096 1738 cautes

181 1754 342 1789 Tandem
361 1756 534 1799 corripuit
554 1767 639 1799 sese,
664 1758 774 1800 atque
793 1756 938 1790 inimica
956 1757 1091 1800 refugit

181 1806 226 1840 In
246 1819 374 1841 nemus
392 1808 631 1842 umbriferum
651 1821 659 1850 ;
688 1809 824 1852 conjux
843 1809 907 1842 ubi
926 1809 1104 1853 pristinus
1123 1809 1175 1843 illi

180 1860 392 1904 Respondet
413 1862 519 1904 curis,
537 1864 731 1905 aequatque
752 1861 925 1905 Sychaeus
943 1873 1112 1896 amorem.

180 1912 218 1946 N
220 1924 260 1946 ec
277 1913 398 1946 minus
418 1914 566 1956 AEneaS,
590 1925 671 1947 casu
692 1925 880 1958 percussus
898 1915 1037 1958 iniquo,
1348 1914 1389 1937 ⁴⁷³

179 1965 418 2010 Prosequitur
435 1966 639 2010 lacrymans
657 1967 774 2010 longe,
798 1970 835 2000 et
853 1967 1044 2001 miseratur
1063 1970 1218 2002 euntem.

233 2018 325 2052 Inde
345 2019 473 2052 datum
493 2019 644 2053 molitur
661 2020 730 2052 iter
750 2032 757 2053 :
782 2020 932 2064 jamque
951 2032 1037 2054 arva
1055 2021 1230 2054 tenebant

179 2070 332 2115 Ultima,
355 2084 437 2116 quae
455 2072 550 2106 bello
570 2073 656 2106 clari
675 2075 810 2106 secreta
827 2073 1076 2117 frequentant.

178 2123 252 2158 Hic
270 2124 324 2158 ini
343 2125 497 2159 occurrit
516 2125 670 2169 Tydeus,
694 2126 752 2159 hic
771 2126 929 2169 inclytus
948 2127 1057 2160 armis

180 2176 479 2221 Parthenopaeus,
502 2180 539 2212 et
558 2178 706 2212 Adrasti
724 2179 893 2222 pallentis
910 2179 1037 2223 imago.

180 2229 253 2263 Hic
272 2231 431 2264 multum
450 2231 528 2265 fleti
544 2231 592 2265 ad
612 2243 770 2276 superos,
792 2232 960 2276 belloque
980 2232 1118 2275 caduci,

179 2281 401 2318 Dardanidae
419 2296 425 2318 z
455 2296 546 2328 quos
564 2284 625 2318 ille
645 2296 771 2318 omnes
789 2285 896 2329 longo
915 2285 1041 2320 ordine
1064 2297 1226 2330 cernens,

179 2334 384 2379 Ingemuit;
413 2336 678 2382 Glaucumque,
694 2337 957 2383 Medontaque,
973 2338 1331 2419 Thersilochignquc,

1154 2397 1174 2420 r

1353 330 1393 350 413

1352 594 1392 614 450

1351 1121 1390 1141 450

1350 1649 1391 1673 ⁴70

1348 2178 1388 2198 113⁰
