1559 2584
147 92 230 131 928

623 101 812 130 VIRGILII
840 100 996 129 AENEIS.

255 190 352 225 Talis
370 190 408 225 in
428 191 599 225 adversos
617 189 750 224 ductor
767 190 962 224 Rhoeteius
980 189 1104 224 hostes

255 245 401 289 Agmen
416 245 490 289 agit
508 258 515 286 3
544 243 649 277 densi
668 243 791 276 cuneis
810 254 847 276 se
862 243 1019 287 quisque
1039 242 1172 277 coactis

256 298 520 342 Agglomerant
540 309 547 331 :
577 296 662 330 ferit
681 307 765 329 ense
785 307 932 339 gravem
951 296 1190 339 Thymbraeus
1206 295 1338 329 Osirim
1355 308 1363 330 :

257 350 474 385 Archetium
494 349 720 392 Mnestheus,
745 349 950 392 Epulonem
970 348 1165 382 obtruncat
1180 349 1352 392 Achates,

259 404 508 448 Ufentemque
529 403 628 446 Gyas
644 415 652 443 3
681 402 779 435 cadit
798 402 874 445 ipse
894 401 1109 435 Tolumnius
1120 413 1248 446 augur,

259 457 406 490 Primus
425 457 464 490 in
483 456 654 490 adversos
672 455 789 488 telum
809 455 873 499 qui
887 456 1042 488 torserat
1061 455 1185 488 hostes

261 510 418 543 Tollitur
436 509 475 543 in
495 509 628 543 coelum
648 508 783 542 clamor
800 521 807 549 ;
836 508 1004 552 versique
1023 507 1181 552 vicissim

260 563 526 597 Pulverulenta
545 562 632 604 fuga
651 561 784 594 Rutuli
803 561 894 595 dant
912 563 1016 605 terga
1029 572 1094 604 per
1112 572 1217 605 agros
1233 573 1242 603 ;

261 616 344 660 Ipse
363 627 482 660 neque
501 626 645 649 aversos
665 614 839 658 dignatur
857 617 1018 647 sternere
1036 614 1159 657 morti,

261 669 342 703 Nec
361 669 453 713 pede
473 679 681 712 congressos
700 679 818 711 aequo,
841 678 907 700 nec
925 667 999 700 tela
1017 667 1177 700 ferentes

263 723 479 766 Insequitur
499 734 506 756 :
536 721 655 755 solum
674 721 787 754 densa
805 720 845 754 in
865 720 1016 764 caligine
1036 720 1201 754 Turnum

263 776 435 820 Vestigat
452 775 624 817 lustrans,
649 774 766 807 solum
785 773 821 807 in
843 774 1042 807 certamina
1060 773 1185 817 poscit.

265 829 348 863 Hoc
367 840 540 862 concussa
558 831 660 861 metu
679 829 854 870 mentem,
875 826 902 860 J
904 829 1040 860 utuma
1058 826 1182 870 virago

264 882 440 926 Aurigam
461 881 575 915 Turni
593 880 715 914 media
732 880 828 913 inter
845 880 923 913 lora
942 879 1140 913 Metiscum

265 935 417 969 Excutit
436 938 473 968 et
492 934 598 978 longe
617 934 761 977 lapsum
779 936 925 967 temone
945 933 1135 977 relinquit3

265 989 352 1032 Ipsa
371 988 482 1031 subit,
504 987 746 1030 manibusque
766 986 948 1020 undantes
968 986 1084 1028 flectit
1102 985 1276 1029 habenas,

267 1042 409 1075 Cuncta
427 1053 568 1085 gerens,
590 1051 802 1083 vocemque,
825 1042 862 1072 et
882 1051 1020 1082 corpus,
1045 1041 1083 1072 et
1102 1050 1214 1082 arma,
1237 1038 1392 1072 Metisci.

267 1095 386 1138 Nigra
403 1095 508 1128 velut
527 1105 676 1136 magnas
696 1092 835 1126 domini
854 1103 969 1136 quum
989 1091 1115 1125 divitis
1134 1092 1230 1125 aedes

268 1148 452 1191 Pervolat,
473 1149 510 1181 et
529 1146 658 1191 pennis
677 1146 752 1179 alta
770 1146 863 1179 atria
881 1146 1026 1188 lustrat,
1048 1144 1221 1188 hirundo,

268 1201 411 1234 Pabula
429 1212 542 1244 parva
559 1200 683 1244 legens
698 1199 867 1243 nidisque
886 1198 1100 1243 loquacibus
1120 1210 1218 1232 escas
1235 1211 1243 1239 ;

268 1255 319 1288 Et
338 1266 437 1288 nunc
456 1253 658 1298 porticibus
676 1252 810 1295 vacuis,
834 1263 933 1285 nunc
952 1251 1104 1285 humida
1123 1251 1258 1285 circum

270 1308 406 1351 Stagna
426 1309 531 1341 sonat
550 1319 556 1341 :
586 1306 713 1339 similis
732 1306 870 1339 medios
890 1305 1056 1339 Jutmna
1074 1316 1138 1349 per
1156 1305 1279 1338 hostes

269 1361 403 1395 Fertur
422 1360 537 1404 equis,
558 1359 758 1403 rapidoque
778 1359 904 1392 volans
923 1358 1000 1392 obit
1019 1358 1141 1392 omnia
1160 1369 1267 1391 curru
1284 1371 1292 1399 3

268 1414 429 1458 Jamque
448 1414 507 1447 hic
526 1424 751 1457 germanum,
770 1412 920 1456 jamque
939 1412 1010 1455 hic,
1033 1411 1194 1445 ostendit
1215 1414 1398 1454 ovantem,

270 1467 351 1501 Nec
371 1467 533 1501 conferre
553 1477 704 1499 manum
722 1465 863 1509 patitur
879 1479 887 1507 3
917 1465 1016 1498 volat
1035 1464 1117 1498 avia
1135 1465 1251 1509 longe.

270 1520 384 1556 Haud
403 1520 524 1553 minus
537 1519 675 1552 AEneas
693 1521 811 1552 tortos
829 1518 919 1562 legit
937 1518 1065 1551 obvius
1085 1518 1201 1561 orbes,

271 1573 513 1617 Vestigatque
534 1572 668 1615 virum,
691 1574 728 1605 et
748 1571 901 1614 disjecta
919 1583 984 1615 per
1002 1571 1146 1614 agmina
1165 1572 1299 1614 magna

272 1627 372 1660 Voce
386 1629 503 1660 vocat.
566 1625 718 1666 Quoties
738 1625 862 1658 oculos
882 1624 1037 1668 conjecit
1056 1624 1095 1657 in
1113 1624 1269 1666 hostem,

272 1680 544 1724 Alipedumque
563 1679 688 1722 fugam
708 1690 814 1711 cursu
834 1677 994 1711 tentavit
1013 1688 1191 1721 equorum
1211 1689 1219 1719 3

272 1734 432 1767 Aversos
449 1733 559 1766 toties
580 1743 706 1765 currus
726 1731 892 1765 Juturna
909 1730 1066 1764 retorsit.

274 1786 361 1820 Heu
380 1787 386 1819 !
418 1785 506 1830 quid
526 1787 610 1829 agat
630 1786 636 1818 1
668 1784 767 1818 vario
786 1784 1032 1828 nequicquam
1051 1783 1206 1816 fluctuat
1221 1785 1315 1817 aestu
1330 1795 1342 1823 ;

272 1840 510 1882 Diversaeque
530 1840 663 1872 vocant
682 1837 845 1871 animum
864 1837 902 1871 in
923 1836 1104 1870 contraria
1123 1848 1228 1870 curae.

273 1893 374 1926 Huic
394 1893 598 1935 Messapus,
619 1891 677 1924 uti
696 1891 789 1925 laeva
807 1891 881 1924 duo
899 1890 994 1924 forte
1012 1890 1160 1934 gerebat

274 1946 404 1989 Lenta,
426 1945 517 1979 levis
537 1956 657 1988 cursu,
679 1944 829 1988 praefixa
847 1943 994 1977 hastilia
1011 1944 1117 1986 ferro,

277 1999 424 2033 Horum
439 2010 555 2032 unum
569 2000 668 2031 certo
688 2000 933 2041 contorquens
952 1996 1077 2041 dirigit
1096 1997 1181 2030 ictu.

275 2052 449 2086 Substitit
471 2052 622 2094 AEneas,
645 2053 682 2084 et
702 2063 739 2084 sc
760 2051 904 2094 collegit
924 2050 961 2083 in
982 2061 1091 2092 arma,

275 2106 420 2149 Poplite
442 2104 653 2145 subsidens3
684 2104 821 2148 apicem
841 2106 965 2137 tamen
984 2103 1098 2137 incita
1118 2113 1302 2136 summum

275 2159 397 2192 Hasta
415 2158 517 2201 tulit,
542 2169 773 2201 summasque
795 2157 955 2191 excussit
976 2156 1110 2190 vertice
1130 2156 1266 2189 cristas.

275 2213 370 2245 Tum
389 2223 475 2244 vero
495 2214 691 2254 assurgunt
710 2211 773 2243 irae
795 2224 802 2252 ;
830 2210 1044 2254 insidiisque
1064 2209 1247 2252 subactus,

276 2265 449 2298 Diversos
468 2264 532 2297 ubi
552 2264 666 2297 sensit
687 2275 800 2308 equos
821 2274 1039 2307 currumque
1054 2262 1193 2305 referri,

277 2318 400 2351 Multa
415 2317 548 2351 Jovem
568 2319 604 2350 et
624 2317 700 2350 laesi
719 2319 877 2350 testatur
895 2316 1043 2350 foederis
1062 2327 1141 2349 aras
1159 2328 1165 2349 z

276 2371 364 2405 Jam
385 2370 535 2404 tandem
555 2370 698 2404 invadit
716 2370 868 2414 medios,
892 2372 929 2403 et
949 2369 1072 2403 Marte
1092 2368 1252 2402 secundo

1432 399 1475 419 460

1434 663 1478 684 465

1437 929 1480 953 ⁴50

1443 1460 1485 1481 430

1444 1726 1488 1747 485

1450 1993 1492 2014 ⁴90
