1559 2584
136 90 188 127 50

612 101 800 129 VIRGILII
828 100 982 130 AENEIS.

244 187 419 230 Quamvis
437 187 657 233 increpitent
675 189 776 232 socii,
797 191 835 222 et
852 188 889 223 vi
908 198 1034 223 cursus
1051 187 1089 225 in
1108 190 1225 224 altum

242 240 336 274 'Vela
356 243 471 281 vocet„
493 241 679 285 possisque
698 242 800 275 sinus
817 241 966 285 implere
985 240 1160 278 secundos
1181 255 1189 285 3
1408 243 1452 263 ⁴¹⁵⁵

244 293 341 335 Quin
362 293 469 327 adeas
487 297 622 328 vatem.
644 295 882 339 precibusque
902 295 1045 329 oracula
1058 306 1193 339 poscas.

245 347 329 390 Ipsa
347 349 466 390 canat,
487 358 683 391 vocemque
701 348 827 381 volens
845 350 956 392 atque
975 359 1037 382 ora
1053 350 1221 384 resolvat.

245 399 315 433 Illa
335 399 404 432 tibi
424 400 542 433 Italiae
561 400 726 444 populos,
750 403 977 445 venturaque
995 401 1102 445 bella,

243 452 292 486 Et
312 463 385 495 quo
404 464 586 497 quemque
604 454 712 487 modo
731 453 921 498 fugiasque
935 454 1100 498 ferasque
1115 454 1287 498 laborem,

243 504 424 548 Expediet
442 519 449 547 3
478 517 676 550 cursusque
694 507 797 540 dabit
816 509 986 541 venerata
1005 507 1190 542 secundos.
1410 507 1453 527 ⁴⁶³

244 557 338 591 Haec
357 560 455 601 sunt,
479 570 560 603 quae
579 562 704 593 nostra
721 559 827 593 liceat
846 563 883 593 te
903 571 989 594 voce
1008 560 1148 594 moneri
1167 573 1173 594 :

246 610 351 644 Vade
370 622 445 655 age,
467 615 503 645 et
522 612 709 656 ingentem
727 613 833 646 factis
851 613 906 646 fer
924 613 970 646 ad
989 613 1125 647 {ethera
1144 613 1326 658 Trojam.’'

246 663 336 705 Quae
354 667 549 708 postquam
566 668 669 699 vates
687 665 737 699 sic
756 677 815 699 ore
834 666 964 699 effatus
983 666 1097 700 amico
1116 669 1184 711 est,

244 717 351 751 Dona
369 717 501 751 dehine
519 730 607 752 auro
625 716 750 762 gravia
768 721 937 763 sectoque
956 719 1149 763 elephanto

246 770 406 814 Imperat
426 771 472 804 ad
486 782 599 804 naves
617 772 714 815 ferri,
737 772 919 816 stipatque
939 772 1069 806 carinis

245 823 381 867 Ingens
399 827 602 868 argentum,
627 825 905 869 Dodonaeosque
922 825 1070 868 lebetas,

244 876 409 910 Loricam
428 880 630 911 consertam
648 878 765 911 hamis
782 889 942 922 auroque
961 879 1128 922 trilicem,

245 929 294 963 Et
314 941 445 963 conum
463 930 615 974 insignis
634 931 757 975 galeae,
779 932 976 975 cristasque
996 934 1193 976 comantes,

244 983 359 1016 Arma
377 982 611 1027 Neoptolemi
632 996 638 1018 :
668 987 754 1017 sunt
774 987 811 1017 et
830 996 894 1018 sua
913 985 1009 1018 dona
1027 985 1179 1029 parenti.

245 1035 364 1069 Addit
381 1047 505 1079 equos,
526 1036 702 1080 additque
720 1037 830 1070 duces
850 1050 858 1078 ;
1411 1034 1456 1058 ⁴70

245 1088 455 1133 Remigium
469 1089 614 1133 supplet
634 1102 641 1131 ;
671 1090 783 1123 socios
798 1089 906 1123 simul
924 1089 1074 1123 instruit
1088 1088 1206 1125 armi3.

299 1141 447 1175 Interea
466 1142 614 1175 classem
634 1143 723 1176 velis
741 1145 866 1187 aptare
880 1143 1035 1187 jubebat

245 1193 434 1238 Anchises,
455 1195 558 1229 fieret
576 1198 688 1229 vento
706 1207 807 1229 mora
825 1207 869 1229 ne
889 1207 961 1240 qua
979 1195 1110 1229 ferenti
1127 1207 1134 1230 :

245 1247 363 1288 Quem
383 1247 514 1282 Phoebi
527 1248 705 1292 interpres
723 1249 841 1283 multo
859 1248 1050 1293 compellat
1067 1248 1203 1282 honore
1223 1260 1231 1284 z

249 1302 274 1318 “
292 1300 482 1345 Conjugio,
505 1302 676 1345 Anchisa,
698 1301 852 1336 Veneris
871 1302 1018 1345 dignate
1037 1302 1203 1346 superbo,
1412 1299 1457 1323 ⁴⁷⁵

246 1353 342 1388 Cura
362 1355 493 1397 Deum,
515 1355 570 1387 bis
590 1355 795 1399 Pergameis
813 1358 935 1399 erepte
954 1355 1081 1397 ruinis,

245 1406 338 1440 Ecce
358 1407 426 1440 tibi
445 1407 618 1441 Ausoniae
636 1408 745 1441 tellus
763 1422 771 1450 ;
798 1408 892 1442 hanc
910 1408 1026 1452 arripe
1045 1407 1144 1441 velis.

245 1459 293 1493 Et
315 1462 438 1494 tamen
457 1461 550 1494 hane
568 1461 695 1505 pelago
709 1461 962 1505 praeterlabare
981 1472 1124 1494 necesse
1144 1461 1198 1493 est
1217 1471 1226 1495 τ

246 1513 421 1548 Ausoniae
440 1525 521 1557 pars
540 1514 603 1547 illa
621 1515 758 1557 procul,
781 1526 890 1558 quam
910 1513 1038 1557 pandit
1057 1513 1196 1557 Apollo.

249 1565 389 1609 Vade,’'
410 1566 473 1609 ait,
500 1569 525 1585 ‘⁶
541 1578 561 1599 0
580 1567 669 1600 felix
689 1567 767 1600 nati
781 1567 917 1611 pietate
937 1579 943 1601 :
974 1566 1061 1610 quid
1082 1566 1181 1599 ultra

246 1618 445 1661 Provehor,
468 1622 504 1653 et
524 1619 638 1653 fando
655 1624 842 1664 surgentes
861 1619 1029 1653 demoror
1044 1617 1251 1652 Austros?”

248 1671 327 1705 Nec
345 1672 466 1705 minus
486 1673 751 1715 Andromache,
773 1673 936 1716 digressu
955 1675 1086 1706 moesta
1104 1683 1284 1716 supremo,

247 1725 334 1758 Fert
349 1725 549 1768 picturatas
567 1726 647 1759 auri
661 1725 865 1759 subtemine
884 1727 1013 1768 vestes,

247 1777 296 1811 Et
316 1778 513 1822 Phrygiam
533 1779 689 1812 Ascanio
708 1778 937 1822 chlamydem
955 1791 961 1812 :
990 1788 1057 1810 1100
1075 1776 1171 1810 cedit
1190 1776 1318 1810 11011011
1336 1788 1346 1818 ;

247 1831 523 1875 Textilibusque
544 1834 670 1865 onerat
689 1831 805 1874 donis,
828 1843 869 1865 ac
887 1830 978 1864 talia
994 1830 1094 1863 fatur
1111 1842 1118 1864 z

250 1885 276 1902 ‘⁶
292 1884 425 1928 Accipe
446 1888 483 1918 et
502 1885 591 1927 haec,
613 1896 789 1919 manuum
807 1884 876 1917 tibi
896 1895 978 1927 quae
992 1884 1230 1916 monumenta
1247 1892 1406 1915 mearum

247 1936 340 1980 Sint,
364 1949 465 1981 puer,
487 1940 524 1971 et
538 1938 688 1982 longum
707 1936 972 1971 Andromachae
991 1938 1174 1969 testentur
1192 1946 1351 1968 amorem

247 1990 423 2034 Conjugis
439 1990 630 2024 Hectoreae
651 2003 658 2025 ε
687 2002 772 2034 cape
792 1990 888 2024 dona
907 1992 1069 2023 extrema
1087 1991 1248 2032 tuorum,

248 2042 279 2075 O
299 2043 389 2076 mihi
409 2043 484 2077 sola
503 2044 573 2077 11101
593 2055 700 2087 super
719 2043 954 2087 Astyanactis
973 2042 1092 2086 imago
1108 2043 1115 2076 !

248 2095 306 2129 Sic
324 2096 459 2139 oculos,
478 2097 527 2130 sic
546 2097 606 2130 ille
625 2108 767 2139 manus,
790 2097 839 2130 sic
859 2107 921 2130 ora
938 2095 1077 2129 ferebat
1095 2106 1103 2129 ζ

247 2148 297 2182 Et
316 2160 413 2182 nunc
433 2149 565 2193 aequali
584 2152 705 2183 tecum
725 2149 935 2193 pubesceret
953 2146 1070 2181 aeVO.”

249 2201 329 2234 Hos
349 2213 413 2245 ego
433 2203 638 2246 digrediens
657 2203 825 2247 lacrymis
844 2202 980 2235 affabar
997 2198 1133 2234 obortis
1153 2211 1161 2234 z

253 2255 277 2272 “
292 2254 416 2288 Vivite
436 2256 569 2298 felices,
592 2256 724 2299 quibus
744 2259 798 2289 est
814 2255 962 2288 fortuna
979 2255 1125 2297 peracta.

249 2307 335 2340 Jam
357 2319 421 2341 sua
439 2321 445 2341 :
475 2320 540 2341 nos
559 2309 629 2342 alia.
648 2320 693 2342 ex
715 2309 791 2342 aliis
811 2309 849 2341 in
868 2308 943 2341 fata
958 2317 1136 2340 voca-mur.

256 2359 365 2394 Vobis
383 2363 488 2404 parta
507 2361 608 2406 quies
627 2374 633 2395 :
662 2362 804 2395 nullum
824 2361 932 2394 maris
947 2371 1071 2404 {equor
1089 2359 1266 2393 «πῖ-1111111111
1284 2371 1293 2400 ;

1409 770 1453 790 (ΕΞ

1411 1563 1424 1582 4
1429 1563 1456 1582 50

1412 1827 1451 1846 >1³5

1413 2091 1456 2112 49⁰

1413 2355 1456 2376 *195
