1528 2569
665 109 799 136 mmm
827 108 858 136 1.
1366 97 1410 135 31

206 198 296 240 Quae
314 197 501 242 gravidam
519 196 593 230 late
612 199 771 240 segetem
788 196 834 230 ab
852 195 1034 229 radicibus
1053 195 1136 229 imis

206 251 369 285 Sublnne
389 250 577 293 expulsam
595 252 764 283 eruerent
785 262 793 291 ;
821 249 874 283 ita
892 249 1040 283 turbine
1060 249 1164 293 nigro
1379 246 1419 266 ³³⁰

205 304 333 338 Ferret
352 303 468 336 hiems
488 302 722 346 culmumque
741 302 872 345 levem,
890 302 1115 345 stipulasque
1134 300 1307 335 volantes.

207 356 309 401 Saepe
324 356 434 390 etiam
452 355 671 388 immensum
691 355 781 388 coelo
802 355 904 388 venit
922 366 1051 398 agmen
1071 365 1261 398 aquarum,

206 409 256 443 Et
274 409 411 443 foedam
429 409 632 452 glomerant
646 410 903 451 tempestatem
921 407 1099 440 imbribus
1118 406 1208 440 atris

208 462 376 496 Collectae
396 473 440 495 ex
460 461 536 494 alto
554 461 670 494 nubes
687 473 694 495 :
723 461 798 494 ruit
816 460 953 494 arduus
971 460 1098 503 aether,

208 515 258 548 Et
275 516 402 559 pluvia
420 514 561 557 ingenti
580 516 659 547 sata
676 514 775 556 laeta,
796 513 980 557 boumque
999 513 1140 546 labores
1381 509 1422 528 ³²⁵

207 568 328 602 Diluit
349 581 356 609 ;
385 567 584 611 implentur
603 567 719 609 fossae,
743 569 780 600 et
800 577 888 600 cava
906 566 1059 599 fiumina
1077 567 1246 599 crescunt

209 620 301 654 Cum
320 621 454 663 sonitu,
476 620 666 663 fervetque
684 619 787 652 fretis
806 618 1028 662 spirantibus
1047 630 1180 662 aequor.

209 674 292 717 Ipse
305 673 427 715 Pater,
449 672 571 706 media
589 672 797 705 nimborum
815 671 854 704 in
874 673 993 714 nocte,
1016 674 1163 705 corusca

208 726 381 760 Fulmina
398 725 550 758 molitur
569 724 700 758 dextra
718 737 727 765 ;
757 735 829 768 quo
848 724 1009 757 maxima
1027 726 1132 757 motu

208 779 319 812 Terra
336 779 462 811 tremit
479 790 486 812 :
514 777 638 821 fugere
658 777 743 810 ferae
764 790 772 818 ;
800 779 838 810 et
856 776 1025 810 mortalia
1044 777 1153 811 corda
1385 773 1426 792 '⁵³⁰

208 832 280 866 Per
298 835 425 875 gentes
443 831 591 864 humilis
611 830 742 864 stravit
760 841 873 874 pavor
890 842 896 864 :
924 829 986 863 ille
1006 829 1176 873 flagranti

208 886 287 919 Aut
306 884 418 927 Atho,
440 887 505 917 aut
524 883 738 927 Rhodopen,
763 885 828 916 aut
846 883 922 916 alta
941 882 1120 917 Ceraunia
1137 882 1212 916 telo

209 937 346 982 Dejicit
367 950 373 971 :
402 937 629 980 ingeminant
648 936 788 979 Austri,
810 938 847 969 et
867 935 1102 969 densissimus
1121 936 1237 969 imber
1257 947 1265 970 :

210 991 249 1025 Ν
250 1002 322 1024 unc
340 1001 489 1023 nemora
506 989 647 1033 ingenti
667 991 788 1032 vento,
811 1000 909 1022 nunc
926 988 1052 1022 littora
1070 989 1261 1033 plangunt.

212 1044 295 1077 Hoc
313 1046 494 1086 metuens,
516 1043 599 1076 coeli
617 1053 759 1075 menses
779 1044 815 1075 et
834 1041 953 1075 sidera
972 1053 1074 1076 serva
1091 1053 1099 1076 :
1386 1037 1427 1057 ³³⁶

212 1097 361 1140 Frigida
381 1095 530 1129 Saturni
549 1107 624 1128 sese
640 1106 713 1138 quo
733 1095 838 1128 stella
865 1097 1027 1138 receptet
1042 1107 1052 1136 3

213 1149 313 1191 Quos
331 1149 425 1193 ignis
446 1148 528 1182 coeli
547 1148 733 1192 Cyllenius
751 1150 847 1181 erret
864 1148 903 1181 in
923 1148 1036 1181 orbes.

214 1202 260 1236 In
281 1203 403 1246 primis
422 1213 593 1235 venerare
611 1201 720 1244 Deos,
743 1204 854 1244 atque
873 1212 998 1234 annua
1016 1212 1158 1244 magnae

214 1255 322 1289 Sacra
339 1255 434 1288 refer
453 1254 584 1296 Cereri,
601 1254 696 1287 laetis
715 1257 883 1297 operatus
901 1253 940 1287 in
960 1254 1094 1296 herbis,

214 1309 399 1342 Extremae
419 1307 486 1340 sub
506 1318 628 1340 casum
647 1307 788 1350 hiemis,
805 1307 884 1350 jam
904 1318 987 1340 vere
1006 1317 1142 1341 sereno.
1385 1301 1427 1322 ³⁴⁰

215 1362 317 1395 Tunc
336 1361 420 1405 agni
439 1360 605 1404 pingues,
628 1362 665 1393 et
683 1362 775 1393 tunc
793 1359 1005 1393 molh'ssima
1023 1359 1109 1393 vina
1127 1372 1135 1400 ;

214 1414 316 1447 Tunc
335 1414 452 1447 somni
471 1413 607 1455 dulces,
630 1412 824 1456 densaeque
844 1412 883 1445 in
902 1412 1090 1446 montibus
1109 1412 1256 1446 umbrae.

215 1467 356 1500 Cuncta
374 1466 443 1499 tibi
462 1465 628 1499 Cererem
646 1466 759 1509 pubes
778 1465 929 1508 agrestis
948 1465 1074 1499 adoret
1095 1477 1102 1500 :

215 1520 284 1554 Cui
301 1523 345 1553 tu
362 1520 456 1553 lacte
474 1519 589 1562 favos,
608 1521 644 1551 et
663 1518 745 1551 miti
764 1518 863 1551 dilue
882 1518 1025 1551 Baccho
1046 1531 1054 1560 3

215 1573 355 1617 Terque
373 1583 486 1606 novas
506 1572 641 1605 circum
659 1571 748 1604 felix
767 1573 826 1604 eat
845 1571 965 1604 hostia
982 1571 1117 1615 fruges,
1390 1568 1431 1587 ³³³

217 1626 344 1660 Omnis
364 1637 474 1670 quam
493 1625 635 1668 chorus,
658 1626 694 1658 et
713 1624 800 1658 socii
819 1625 1040 1658 comitentur
1058 1626 1223 1667 ovantes,

210 1679 265 1716 ‚Et
280 1679 444 1713 Cererem
464 1678 618 1711 clamore
630 1680 762 1711 vocent
780 1678 819 1710 in
838 1680 936 1711 tecta
955 1691 963 1719 ;
992 1688 1111 1721 neque
1131 1680 1216 1711 ante

216 1732 363 1766 Falcem
381 1731 534 1764 maturis
554 1731 748 1775 quisquam
767 1733 949 1774 supponat
967 1730 1100 1773 aristis,

218 1785 336 1827 Quam
356 1784 487 1827 Cereri,
509 1786 608 1818 torta
625 1783 817 1817 redimitus
836 1786 999 1827 tempora
1020 1794 1169 1827 quercu,

216 1838 291 1873 Det
309 1841 431 1872 motus
449 1837 718 1881 incompositos,
736 1839 773 1869 et
789 1837 948 1870 carmina
966 1836 1072 1870 dicat.
1391 1832 1431 1852 ³⁵⁰

271 1892 395 1935 Atque
414 1891 491 1924 haec
509 1893 552 1923 ut
573 1890 679 1924 certis
698 1890 878 1933 possimus
897 1889 1032 1923 discere
1053 1889 1178 1932 signis,

219 1945 435 1988 AEstusque,
457 1943 684 1987 pluviasque,
707 1945 744 1976 et
763 1945 911 1986 agentes
930 1943 1064 1986 frigora
1086 1945 1213 1975 ventos
1230 1953 1240 1983 3

220 1998 304 2042 Ipse
324 1997 435 2030 Pater
454 1996 597 2039 statuit,
621 1995 709 2040 quid
729 1998 918 2029 menstrua
937 1995 1042 2029 Luna
1061 1997 1240 2038 moneret,

220 2050 301 2092 Quo
320 2050 422 2093 signo
443 2049 613 2083 caderent
632 2049 772 2091 Austri,
795 2049 884 2092 quid
904 2060 1000 2092 saepe
1019 2048 1188 2082 videntes

217 2103 397 2147 Agricolae
414 2102 562 2146 propius
582 2101 734 2134 stabulis
753 2104 919 2135 armenta
937 2103 1117 2134 tenerent.
1393 2095 1433 2117 ³⁵⁵

219 2156 415 2199 Continuo,
437 2155 557 2189 ventis
575 2154 820 2198 surgentibus,
842 2157 907 2187 aut
925 2154 1020 2187 freta
1039 2152 1147 2197 ponti

220 2209 409 2253 Incipiunt
429 2208 566 2252 agitata
584 2210 798 2249 tumescere,
820 2209 858 2240 et
877 2206 1000 2240 aridus
1019 2206 1104 2240 altis

219 2262 413 2296 Montibus
432 2261 550 2295 audiri
569 2261 690 2304 fragor
706 2273 714 2301 ;
743 2262 808 2293 aut
825 2259 1034 2293 resonantia
1052 2259 1158 2303 longe

219 2315 363 2349 Littora
380 2314 534 2357 misceri,
557 2316 594 2347 et
613 2324 804 2347 nemorum
823 2313 1084 2347 increbrescere
1105 2323 1279 2346 murmur.

220 2367 247 2401 J
249 2379 308 2402 am
327 2367 396 2401 sibi
413 2370 494 2401 tum
513 2366 633 2401 curvis
652 2366 746 2400 male
760 2368 939 2410 temperat
958 2365 1057 2399 unda
1077 2364 1221 2408 carinis,
1398 2361 1438 2382 ³¹²³
