1559 2584
124 146 204 183 112

555 158 675 185 VIRGI
682 159 743 185 LII
772 159 1004 185 MORETUM.

221 245 488 289 Fecundusque
506 257 637 279 rumex
655 245 870 289 malvaeque
888 245 1083 290 inulaeque
1102 246 1282 290 virebant,

221 298 295 331 Hic
313 299 402 331 siser
420 301 456 331 et
475 299 586 342 capiti
605 310 739 332 110111011
759 298 932 332 debentia
950 310 1069 343 porra,

222 347 311 399 [Hic
331 352 442 385 etiam
461 363 621 385 nocuum
640 351 751 395 capiti
771 351 1006 395 gelidumque
1024 349 1213 402 papaver,]

223 404 411 448 Grataque
430 404 609 438 nobilium
628 404 771 448 requies
790 405 933 438 lactuca
953 405 1128 448 ciborum,

221 456 273 490 Et
291 457 410 501 gravis
428 457 466 491 111
485 457 603 491 latum
622 458 778 491 demissa
797 458 985 491 cucurbita
1002 462 1180 492 ventrem.

222 510 363 544 Verum
377 511 436 544 1110
450 522 525 544 11011
540 511 816 555 domini—quis
829 511 926 544 enim
941 512 1160 545 contractior
1173 511 1236 545 illo
1244 511 1313 547 22—-

223 563 294 597 Sed
313 564 440 607 populi
458 566 658 608 proventus
677 567 767 607 erat,
786 564 824 597 N
827 564 978 608 onisque
997 565 1125 598 diebus

221 616 381 650 Venales
398 617 551 651 humero
570 617 683 651 fasces
701 617 871 661 portabat
889 617 929 651 in
947 618 1075 651 urbem
1095 629 1103 653 t

222 670 316 704 Inde
336 671 488 704 domum
506 671 644 704 cervice
663 671 766 713 levis,
787 671 907 714 gravis
925 682 1018 715 aere,
1038 671 1196 713 redibat,

222 723 299 757 Vix
316 735 493 767 umquam
510 724 640 757 urbani
660 724 854 758 comitatus
872 735 989 758 merce
1008 725 1158 758 macelli.

224 776 320 820 Cepa
338 777 473 810 rubens
492 777 654 821 sectique
673 778 806 810 famem
826 778 951 811 domat
970 789 1052 811 area
1070 778 1181 821 porri,

224 829 397 874 Quaeque
416 830 570 864 trahunt
589 831 663 864 acri
681 831 808 864 Vultus
826 831 1007 864 nasturtia
1025 842 1160 873 morsu,

223 883 432 927 Intubaque
447 886 485 917 et
499 883 682 917 Venerem
699 895 871 917 revocans
890 895 997 918 eruca
1015 888 1228 919 morantem.

223 936 326 970 Tunc
344 948 490 981 quoque
508 937 582 970 tale
601 937 740 981 aliquid
759 937 940 970 meditans
958 937 1159 971 intraverat
1179 938 1344 984 hortum,

224 990 279 1023 Ac
297 990 468 1033 primum,
489 990 620 1024 leviter
638 990 762 1033 digitis
782 990 912 1023 tellure
930 991 1078 1034 refossa,

227 1042 394 1083 Quatuor
412 1043 536 1077 educit
555 1055 635 1076 cum
657 1043 779 1086 spissis
799 1043 883 1076 allia
902 1043 1001 1076 fibris
1021 1056 1028 1083 ;

224 1096 318 1130 Inde
337 1107 457 1130 comas
477 1096 550 1140 apii
568 1096 720 1140 graciles
739 1099 932 1140 rutamque
952 1097 1132 1131 virentem

221 1149 338 1183 Vellit
357 1152 394 1183 et
413 1150 545 1193 exiguo
565 1150 755 1183 coriandra
772 1150 968 1183 trementia
987 1150 1058 1184 filo.

222 1202 325 1236 Haec
342 1203 408 1236 ubi
427 1203 583 1247 collegit,
605 1203 742 1236 laetum
762 1203 926 1236 consedit
945 1203 991 1237 ad,
1010 1204 1144 1248 ignem,

221 1256 271 1289 Et
291 1257 386 1290 clara
404 1256 578 1290 famulam
597 1256 714 1300 poscit
732 1256 904 1290 mortaria
921 1268 1020 1290 voce.

225 1309 377 1354 Singula
395 1312 477 1343 tum
496 1310 658 1354 capitum
676 1309 814 1343 nodoso
834 1310 966 1343 cortice
985 1310 1116 1353 nudat,

222 1362 273 1396 Et
292 1363 442 1396 summis
462 1363 593 1407 spoliat
613 1363 730 1405 coriis,
752 1365 1009 1407 contemtaque
1028 1367 1162 1407 passim

222 1417 365 1460 Spargit
379 1417 484 1450 humi
497 1420 607 1460 atque
623 1416 751 1457 abicit;
772 1418 892 1450 servat
907 1428 990 1449 cum
1004 1417 1165 1460 gramine
1180 1417 1344 1456 bulbum.

221 1469 372 1514 Tinguit
391 1481 496 1514 aqua,
518 1470 722 1513 lapidisque
743 1481 872 1503 cavum
892 1470 1055 1503 demittit
1073 1471 1111 1503 111
1131 1471 1264 1506 orbem.

223 1523 323 1556 Hinc
343 1523 426 1556 salis
446 1523 629 1567 adspergit
647 1523 778 1564 micas;
798 1523 871 1556 salo
890 1522 1004 1557 durus
1023 1523 1132 1558 adeso

223 1576 356 1610 Caseus
375 1576 545 1610 adiicitur
556 1590 564 1618 ;
593 1576 708 1610 dictas
728 1588 835 1620 super
853 1576 986 1620 ingerit
1005 1576 1144 1613 herbas.

222 1629 272 1663 Et
292 1630 396 1664 laeva
414 1633 555 1663 vestem
574 1632 692 1664 setosa
711 1630 778 1663 sub
797 1630 948 1674 inguina
967 1630 1074 1664 fulcit
1091 1643 1100 1672 3

221 1683 383 1717 Dextera
401 1683 539 1727 pistillo
559 1684 718 1728 primum
736 1683 936 1727 fragrantia
954 1684 1075 1717 mollit

221 1737 332 1779 Allia,
353 1739 434 1770 tum
452 1737 589 1780 pariter
607 1737 725 1770 mixto
743 1737 831 1770 terit
850 1737 971 1770 omnia
990 1748 1104 1771 succo.

223 1789 260 1823 It
279 1802 408 1823 manus
427 1790 466 1823 111
485 1802 616 1834 gyrum
634 1803 641 1824 ε
669 1790 860 1834 paullatim
879 1790 1021 1834 singula
1042 1791 1136 1823 vires

221 1843 438 1887 Depenlunt
456 1844 637 1887 propi·ias;
666 1843 763 1876 color
783 1846 838 1877 est
857 1855 875 1877 e
894 1843 1061 1887 pluribus
1079 1855 1189 1887 unus,

222 1895 262 1930 N
264 1908 303 1930 00
322 1899 424 1930 totus
443 1897 582 1940 viridis,
606 1897 692 1941 quia
710 1897 826 1930 lactea
845 1897 962 1930 frusta
980 1899 1200 1941 repugnant,

221 1949 260 1983 Ν
262 1962 302 1984 cc
320 1950 366 1983 de
385 1950 478 1984 lacte
498 1950 632 1993 nitens,
655 1950 742 1994 quia
760 1953 817 1983 tot
836 1950 998 1983 variatur
1017 1951 1062 1984 ab
1082 1950 1213 1984 herbis.

222 2002 335 2047 Saepe
353 2003 425 2037 Viri
442 2015 548 2037 nares
566 2015 648 2037 acer
665 2003 845 2037 iaculatur
863 2006 1007 2047 apertas

222 2056 392 2100 Spiritus,
415 2059 452 2090 et
471 2057 561 2090 simo
581 2057 731 2090 damnat
751 2068 815 2090 sua
832 2056 985 2100 prandia
1004 2056 1112 2090 vultu
1130 2069 1138 2096 3

223 2109 335 2153 Saepe
354 2121 467 2143 manu
485 2121 628 2144 summa
646 2109 874 2143 lacrimantia
893 2109 1033 2143 lumina
1050 2109 1174 2154 tergit,

222 2162 484 2207 Immeritoque
503 2163 628 2197 furens
647 2163 737 2197 dicit
756 2163 917 2196 convicia
935 2163 1046 2197 fumo.

222 2215 448 2249 Proccdcbat
467 2228 557 2260 opus
578 2230 585 2258 3
614 2228 680 2250 nec
700 2217 771 2250 iam
792 2216 1005 2259 salebrosus,
1028 2218 1071 2249 ut
1089 2217 1184 2258 ante,

223 2267 294 2302 Sed
313 2269 457 2313 gravior
475 2270 594 2303 lentos
613 2270 690 2304 ibat
709 2269 868 2314 pistillus
887 2269 926 2302 in
946 2269 1058 2303 orbes.

222 2321 320 2366 Ergo
340 2322 497 2356 Palladii
517 2325 639 2366 gutta<
659 2323 815 2356 instillat
835 2322 933 2365 olivi,

223 2374 432 2419 Exiguique
451 2387 560 2420 super
578 2376 672 2410 vires
691 2375 856 2409 infundit
875 2374 981 2418 aceti,

221 2429 347 2468 Atque
365 2428 499 2462 iterum
519 2429 727 2463 commiscet
746 2440 848 2468 opus,
871 2429 1103 2469 mixtumque
1123 2430 1306 2462 retractit.

1403 616 1432 635 80

1403 884 1430 905 85

1391 1682 1432 1702 120

1392 2211 1431 2232 nu
