1528 2569
677 90 809 116 Lmiziz
839 84 910 117 vn.

248 179 400 223 Respice
419 178 465 212 ad
484 178 562 212 haeo
579 191 585 212 z
614 178 743 212 adsum
762 179 922 212 dirarum
940 178 986 212 ab
1004 177 1088 212 sede
1106 189 1270 211 sororum
1287 190 1295 212 z

249 230 356 266 Bella
373 243 497 273 manu,
519 231 706 274 letumque
726 231 846 274 gero„

249 283 307 318 Sic
327 284 446 327 effata,
469 284 584 317 facem
599 284 729 327 juveni
748 284 913 328 conjecit,
936 286 972 318 et
991 285 1071 318 atro

247 337 401 370 Lumine
420 337 603 370 fumantes
622 336 702 369 fixit
722 337 789 370 sub
806 341 950 381 pectore
969 337 1093 370 taedas.

249 389 322 423 Olli
340 401 508 423 somnum
527 389 654 432 ingens
672 390 772 433 rupit
790 401 902 433 pavor
921 403 929 430 ;
958 401 1109 433 ossaque
1128 392 1165 423 et
1183 392 1284 424 artus

249 443 417 476 Perfudit
435 445 515 476 toto
534 445 729 486 proruptus
749 450 893 486 corpore
913 443 1032 476 sudor.

249 497 363 529 Arma
381 507 505 530 amens
525 495 659 538 fremit,
681 507 781 529 arma
799 498 879 529 toro
898 496 1077 539 tectisque
1097 495 1258 539 requirit.

250 548 362 582 Saevit
381 560 481 582 amor
495 548 593 591 ferri,
615 551 652 582 et
671 548 844 582 scelerata
862 549 1003 582 insania
1021 549 1107 582 belli
1126 561 1135 589 3

250 601 311 635 Ira
329 613 435 645 super
453 613 460 636 :
488 613 620 644 magno
639 601 755 634 veluti
775 613 889 645 quum
907 602 1053 635 flamma
1072 613 1198 646 sonpre

250 653 386 698 Virgea
405 654 610 697 suggeritur
628 654 736 687 costis
755 654 930 687 undantis
948 654 1067 697 aheni,

250 706 521 750 Exsultantque
540 709 632 739 aestu
652 707 777 739 latices
797 720 805 748 ;
833 707 925 740 furit
943 707 1044 740 intus
1063 711 1171 751 aquai

249 759 427 793 Fumidus
446 762 556 803 atque
576 759 649 792 alte
668 759 804 802 spumis
823 759 998 792 exuberat
1017 760 1133 793 amnis
1151 773 1160 800 ;

250 812 288 846 N
291 823 330 846 ec
344 812 422 856 jam
441 823 478 846 se
499 812 594 855 capit
614 812 715 845 unda
735 825 742 852 ;
771 812 871 845 volat
890 823 1002 856 vapor
1020 815 1098 846 ater
1115 813 1161 846 ad
1177 824 1292 847 auras.

249 865 345 909 Ergo
364 865 435 898 iter
453 865 499 898 ad
518 876 651 908 regem,
674 865 813 908 polluta
832 876 931 908 pace,
954 865 1127 899 Latinum

250 918 388 952 Indicit
405 917 531 961 primis
547 918 740 961 juvenum,
764 921 800 951 et
815 918 923 961 jubet
942 929 1042 951 arma
1059 918 1189 963 parari,

249 971 376 1004 Tutari
395 970 554 1014 Italiam,
576 971 771 1004 detrudere
790 971 924 1005 finibus
942 971 1084 1005 hostem
1103 984 1110 1005 ι

253 1025 278 1042 “
294 1024 339 1058 Se
358 1023 445 1057 satis
463 1023 639 1057 ambobus
657 1023 875 1067 Teucrisque
894 1024 1015 1058 venire
1036 1024 1256 1068 Latinisque.
1265 1024 1286 1042 '’

251 1077 343 1110 Haec
362 1076 426 1110 ubi
444 1076 542 1110 dicta
562 1077 676 1119 dedit,
698 1077 886 1120 Divosque
904 1078 943 1110 in
962 1081 1050 1111 vota
1067 1079 1224 1121 vocavit,

252 1130 292 1163 C(
301 1130 428 1163 rtatim
447 1141 522 1162 sese
542 1129 676 1162 Rutuli
695 1130 937 1163 exhortantur
955 1130 994 1163 in
1013 1142 1113 1164 arma
1131 1144 1137 1165 :

252 1183 363 1216 Hlmc
382 1182 491 1216 decus
505 1183 687 1226 egregium
707 1183 833 1216 formae
852 1186 985 1225 movet,
1009 1186 1120 1227 atque
1134 1184 1301 1227 juventae
1317 1199 1327 1228 ς

250 1235 362 1269 Hunc
380 1235 480 1269 atavi
498 1247 598 1279 reges
619 1249 626 1276 3
655 1236 753 1269 hunc
772 1236 876 1269 claris
894 1236 1046 1269 dextera
1064 1236 1178 1272 factis.

303 1289 403 1322 Dum
422 1288 565 1321 Turnus
583 1288 744 1322 Rutulos
762 1289 891 1322 animis
908 1289 1106 1323 audacibus
1123 1287 1265 1334 implet,

251 1342 394 1375 Allecto
413 1342 452 1374 in
471 1342 625 1374 Teucros
645 1341 781 1384 Stygiis
799 1353 836 1375 se
856 1343 1014 1376 concitat
1033 1343 1099 1376 alis
1118 1355 1128 1384 3

252 1396 343 1428 Arte
362 1396 458 1428 nova
478 1395 660 1437 speculata
679 1395 811 1437 locum,
834 1406 907 1438 quo
926 1395 1050 1428 littore
1068 1396 1219 1439 pulcher

250 1447 398 1481 Insiliis
416 1459 595 1490 cursuque
613 1448 705 1480 feras
724 1448 884 1491 agitabat
905 1448 1019 1482 Iulus.

252 1500 325 1533 Hic
344 1501 502 1534 subitam
521 1501 672 1534 canibus
690 1500 827 1534 rabiem
847 1501 996 1544 Cocytia
1014 1501 1117 1546 virgo

251 1553 399 1597 Objicit,
422 1556 458 1587 et
476 1556 565 1586 noto
583 1565 688 1587 nares
707 1554 886 1598 contingit
904 1555 1025 1597 odore,

253 1606 306 1640 Ut
325 1618 470 1640 cervum
490 1607 658 1641 ardentes
677 1610 825 1650 agerent
846 1620 852 1641 :
882 1619 964 1651 quae
984 1608 1100 1651 prima
1118 1608 1284 1643 laborum

253 1659 369 1693 Causa
386 1660 469 1702 fuit,
491 1659 659 1703 belloque
679 1661 818 1693 animos
837 1660 1002 1694 accendit
1020 1664 1188 1705 agrestes.

254 1712 389 1746 Cervus
408 1715 485 1746 erat
503 1712 620 1746 forma
637 1713 828 1756 praestanti
846 1717 882 1746 et
902 1714 1070 1747 cornibus
1088 1714 1227 1758 iugens,

253 1765 442 1808 Tyrrhidae
461 1765 563 1809 pueri
583 1777 692 1808 quem
710 1766 836 1799 matris
856 1766 902 1799 ab
921 1766 1030 1800 ubere
1049 1770 1196 1810 raptum

253 1818 471 1861 Nutribant,
494 1818 749 1862 Tyrrheusque
768 1822 871 1862 pater
890 1832 898 1859 ;
927 1819 985 1852 cui
1003 1820 1100 1863 regia
1118 1823 1248 1864 parent

253 1871 442 1914 A1menta‚
466 1874 502 1904 ct
522 1871 594 1904 late
614 1871 778 1905 custodia
797 1872 933 1904 credita
952 1873 1078 1916 campi.

253 1926 451 1957 Assuetum
471 1924 629 1967 imperiis
649 1935 749 1957 soror
768 1925 868 1958 omni
888 1924 1012 1968 Sylvia
1031 1927 1117 1959 cura

252 1976 429 2010 Mollibus
448 1977 616 2010 intexens
637 1977 789 2010 ornabat
808 1989 942 2010 cornua
961 1979 1078 2021 sertis,

254 2029 501 2073 Pectebatque
522 2030 650 2073 ferum,
674 2041 836 2074 puroque
856 2030 894 2063 in
912 2031 1014 2064 fonte
1033 2031 1188 2066 lavabat.

254 2082 322 2116 Ille
341 2095 490 2116 manum
510 2084 662 2126 satiens,
684 2094 891 2126 mensaeque
910 2086 1076 2117 assuetus
1093 2084 1211 2129 herili,

252 2135 407 2169 Errabat
426 2135 538 2180 sylvis
557 2149 565 2177 3
594 2147 790 2179 rursusque
809 2136 855 2169 ad
875 2136 1001 2170 limina
1019 2143 1108 2171 nota

254 2188 336 2231 Ipse
355 2189 506 2222 domum
525 2190 604 2222 sera
624 2188 790 2232 quamvis
809 2200 845 2222 se
865 2192 972 2222 nocta
989 2189 1129 2223 ferebat

253 2240 366 2275 Hunc
383 2241 509 2285 procul
529 2245 709 2275 errantem
729 2241 864 2275 rabidae
883 2242 1052 2276 venantis
1071 2242 1146 2277 Iuli

253 2293 486 2328 Commovere
501 2306 607 2328 canes
624 2308 632 2336 3
661 2295 773 2328 fluvio
790 2306 904 2339 quum
923 2295 1016 2329 forte
1034 2296 1196 2331 secundo

253 2345 451 2390 Deflueret,
473 2347 625 2390 ripaque
644 2351 756 2381 aestus
774 2348 955 2382 viridante
973 2348 1121 2383 levaret.

1401 81 1449 102 ἠῢ

1402 107 1441 117 ιν.

1413 229 1454 247 4115

1416 494 1456 513 45⁰

1416 758 1457 777 402)

1418 1025 1459 1048 470

1419 1290 1463 1312 47}

1420 1555 1462 1575 4⁴0

1421 1820 1462 1840 485

1421 2084 1464 2104 450

1422 2347 1463 2368 49⁵
