1559 2584
129 98 208 136 126

580 105 765 133 vaILH
796 104 949 131 AENms.

235 195 365 229 Dictus
383 194 461 228 avis
479 207 487 235 3
516 196 553 226 et
572 205 670 227 nunc
689 204 862 236 magnum
881 195 1004 226 manet
1024 191 1145 226 Ardea
1165 202 1299 225 nomen
1319 202 1326 225 τ

237 248 308 282 Sed
326 248 476 281 fortuna
492 247 573 280 fuit.
635 246 753 279 Tectis
772 245 830 278 1110
849 245 993 278 Turnus
1011 244 1050 278 in
1069 245 1153 278 altis

237 301 264 335 J
266 312 325 334 am
342 300 501 334 mediam
519 298 623 342 nigra
641 298 812 342 carpebat
830 301 936 331 nocte
955 297 1126 341 quietem.

240 354 384 387 Allecto
403 356 546 386 torvam
566 351 695 385 faciem
715 354 751 384 et
770 350 916 384 furialia
933 350 1095 384 membra
1411 346 1450 365 ‘¹¹⁵'

239 406 355 440 Exuit
372 418 380 447 ;
408 405 448 439 in
465 405 592 438 vultus
611 416 687 437 sese
705 405 942 437 transformat
962 403 1085 446 aniles,

238 459 288 492 Et
307 459 466 492 frontem
486 458 693 491 obscoenam
707 457 805 500 rugis
824 459 903 490 arat
924 470 931 498 3
959 456 1082 489 induit
1100 456 1200 490 albos

241 512 333 545 Cum
354 511 448 544 vitta
468 511 583 544 crines
601 523 609 552 ;
637 512 719 543 tum
738 521 880 543 ramum
898 509 1053 542 innectit
1072 508 1178 542 olivae
1199 521 1205 544 2

240 565 303 598 Fit
323 564 470 609 Calybe,
492 564 517 597 J
519 563 654 597 unonis
673 574 763 596 anus
782 562 983 606 templique
1003 561 1167 595 sacerdos
1187 574 1194 602 ;

241 618 290 651 Et
304 617 435 661 juveni
453 619 539 650 ante
558 616 680 650 oculos
698 615 756 648 liis
775 627 896 649 secum
910 614 1059 648 vocibus
1078 614 1183 648 offert
1200 626 1207 649 ε
1416 610 1457 629 4-0

246 672 270 689 “
287 671 418 713 Turne,
442 672 499 703 tot
518 670 698 703 incassum
718 669 818 702 fusos
836 668 973 712 patiere
991 667 1142 710 labores,

242 724 291 757 Et
310 726 376 757 tua
394 722 589 756 Dardaniis
603 721 796 755 transcribi
815 724 955 765 sceptra
974 720 1109 754 colonis
1125 720 1135 754 3

243 777 326 810 Rex
343 776 413 810 tibi
431 775 642 819 conjugium
661 777 698 807 et
717 774 888 818 quaesitas
907 773 1081 817 sanguine
1101 773 1204 807 detes

244 830 426 873 Abnegat,
448 831 695 871 externusque
715 827 751 860 in
772 839 925 871 regnum
945 826 1122 870 quaeritur
1141 826 1265 861 haeres.

245 883 264 916 I
283 894 395 923 nunc;
415 881 566 926 ingratis
586 881 675 914 offer
694 883 741 922 te,
766 880 878 923 irrise,
902 879 1044 924 periclis
1065 892 1072 921 3
1417 877 1457 895 ‘¹²³'

244 935 458 979 Tyrrhenas,
483 935 505 977 i,
530 937 651 967 sterne
672 933 764 966 acics
781 947 789 975 3
817 936 899 976 tege
917 944 1005 976 pace
1025 932 1183 966 Latinos.

245 988 338 1022 Haec
357 987 447 1021 adeo
465 987 535 1021 tibi
553 998 621 1029 me,
645 986 787 1029 placida
806 997 921 1029 quum
940 988 1047 1019 nocte
1062 985 1211 1029 jaceres,

245 1041 331 1085 Ipsa
349 1040 469 1084 palam
487 1039 556 1073 fari
575 1039 804 1082 omnipotens
823 1038 994 1072 Saturnia
1011 1038 1132 1082 jussit.

247 1094 367 1134 Quare
386 1105 462 1137 age,
487 1095 523 1126 et
542 1091 674 1126 armari
692 1092 827 1135 pubem
848 1092 1035 1135 portisque
1056 1091 1194 1124 moveri

246 1147 372 1180 Laetus
390 1146 429 1179 in
448 1157 547 1179 arma
566 1156 654 1189 para
673 1157 681 1186 ;
709 1147 746 1178 et
765 1144 956 1188 Phrygios,
980 1143 1043 1188 qui
1061 1144 1211 1177 flumine
1231 1144 1382 1188 pulchro
1420 1142 1460 1161 '¹³⁰

248 1199 462 1242 Consedere,
485 1198 605 1241 duces,
630 1197 817 1241 pictasque
837 1209 949 1231 exure
969 1196 1116 1231 carinas.

248 1251 447 1286 Goelestfim
465 1251 520 1285 vis
539 1262 672 1294 inagna
686 1250 803 1294 jubet.
864 1250 946 1283 Rex
965 1250 1041 1294 ipse
1061 1244 1224 1293 Latinus,

248 1305 286 1339 N
288 1308 301 1339 i
320 1305 406 1339 (lare
425 1304 635 1348 conjugium
655 1306 692 1337 et
711 1303 810 1338 dicto
829 1315 953 1347 parere
971 1304 1119 1346 fatetur,

250 1358 404 1402 Sentiat,
427 1360 464 1391 et
485 1357 637 1391 tandem
656 1356 820 1390 Turnum
840 1357 1046 1401 experiatur
1064 1357 1103 1389 in
1122 1356 1240 1390 armis.
1249 1355 1269 1372 ''

249 1411 322 1445 Hic
337 1411 498 1456 juvenis,
521 1413 643 1444 vatem
663 1409 829 1453 irridens,
853 1410 903 1443 sic
923 1421 1002 1443 orsa
1022 1409 1179 1443 vicissim
1425 1408 1443 1426 ⁴¹³
1455 1409 1465 1426 ³³

249 1464 320 1498 Ore
338 1464 450 1498 refert
468 1476 474 1498 :
509 1465 533 1482 ‘⁴
547 1463 684 1497 Classes
703 1463 870 1497 invectus
889 1462 1058 1506 Tybridis
1076 1462 1232 1496 alveo—-

251 1517 350 1561 Non,
369 1519 412 1551 ut
430 1529 521 1559 rere,
543 1528 641 1550 meas
661 1516 788 1559 effugit
806 1516 962 1549 nuncius
981 1527 1085 1549 aures
1104 1528 1110 1549 :

250 1570 309 1604 Ne
329 1572 452 1604 tantos
471 1569 561 1603 mihi
579 1569 674 1613 finge
694 1572 814 1603 metus
833 1582 841 1610 ;
870 1580 936 1604 nec
954 1569 1051 1612 regia
1069 1568 1095 1602 J
1098 1579 1172 1602 uno

250 1623 448 1657 Immemor
465 1625 521 1656 est
540 1625 664 1656 nostri.

254 1676 326 1710 Sed
345 1678 382 1710 te
401 1676 498 1710 victa
517 1676 591 1709 situ
610 1675 759 1720 verique
779 1676 900 1709 effoeta
920 1677 1100 1718 senectus,
1428 1672 1468 1692 ⁴⁴⁰

252 1729 282 1763 O
302 1732 431 1771 mater,
454 1729 549 1762 curis
567 1728 810 1772 nequicquam
830 1730 984 1771 exercet,
1007 1730 1055 1770 et,
1073 1739 1173 1761 arma

252 1782 395 1826 Regum
414 1782 520 1823 inter,
545 1782 637 1815 salsa
656 1785 778 1815 vatem
797 1781 990 1815 formidine
1008 1781 1113 1815 ludit.

253 1835 349 1869 Cura
367 1835 448 1878 tibi,
470 1835 608 1868 Divum
629 1835 759 1879 efligies
780 1837 816 1868 et
835 1834 972 1878 templa
992 1833 1088 1867 tueri
1109 1846 1115 1868 :

254 1888 358 1922 Bella
376 1888 446 1922 viri
463 1900 663 1932 pacemque
682 1891 822 1932 gerent,
846 1890 927 1931 quis
946 1887 1042 1921 bella
1059 1886 1226 1931 gerenda.
1234 1886 1254 1903 ''

308 1941 456 1975 Talibus
474 1941 618 1975 Allecto
638 1941 745 1974 dictis
765 1941 902 1974 exarsit
921 1940 960 1973 in
978 1940 1058 1973 iras.
1429 1937 1470 1956 ⁴⁴³

252 1994 304 2028 At
318 1994 449 2038 juveni
469 1994 588 2028 oranti
608 1994 751 2027 subitus
770 1997 905 2027 tremor
924 1996 1076 2037 occupat
1095 1996 1197 2026 artus
1216 2005 1224 2034 ;

253 2047 443 2091 Diriguere
459 2047 553 2081 oculi
573 2061 580 2088 ;
610 2050 667 2080 tot
687 2047 845 2091 Erinnys
865 2047 988 2080 sibilat
1006 2046 1144 2090 hydris,

254 2100 443 2144 Tantaque
463 2112 498 2134 sc
518 2100 627 2134 facies
646 2101 771 2144 aperit.
834 2100 938 2142 Tum,
962 2100 1128 2133 flammea
1147 2102 1322 2143 torquens

255 2152 423 2196 Lumina,
448 2156 681 2187 cunctantem
701 2156 738 2187 et
759 2156 984 2197 quaerentem
1004 2152 1122 2185 dicere
1141 2152 1246 2196 plura

256 2205 445 2250 Reppulit,
469 2209 506 2240 et
524 2206 688 2251 geminos
708 2207 823 2240 crexit
844 2206 1003 2239 crinibus
1022 2216 1170 2248 angues,
1430 2203 1471 2222 ⁴⁵⁰

256 2258 490 2304 Verberaque
510 2259 685 2302 insonuit,
709 2259 909 2303 rabidoque
928 2258 1006 2292 haec
1024 2257 1168 2292 addidit
1187 2270 1247 2291 ore
1270 2270 1276 2292 :

258 2313 283 2330 “
297 2311 354 2345 En
375 2323 440 2356 ego
463 2312 560 2346 victu
581 2312 666 2354 situ,
691 2323 802 2356 quam
823 2311 899 2345 veri
919 2313 1042 2345 effoeta
1062 2313 1230 2345 senectus

256 2366 368 2398 Arma
387 2365 483 2399 inter
502 2376 627 2409 regum
648 2365 740 2399 falsa
759 2363 953 2398 formidine
973 2364 1069 2398 ludit
1086 2366 1092 2398 ἔ
