1528 2569
651 131 785 158 LIBER
819 131 848 158 1.

200 216 306 251 Esset
323 217 460 261 robigo,
482 217 671 262 segnisque
689 218 851 252 horreret
869 218 908 252 in
926 218 1022 252 arvis

199 270 364 304 Carduus
385 282 392 305 :
419 270 606 304 intereunt
624 274 762 315 segetes
781 284 790 313 3
819 271 917 305 subit
936 283 1062 315 aspera
1080 272 1196 318 sylva,

199 322 406 366 Lappaeque
423 323 622 367 tribulique
642 337 650 365 ;
677 324 846 368 interque
865 325 1021 358 nitentia
1041 325 1140 359 culta

198 375 335 409 Infelix
354 376 482 409 lolium
501 379 537 410 et
556 377 695 410 steriles
713 377 950 411 dominantur
967 389 1102 412 avenae.

200 428 307 469 Quod
325 429 396 462 nisi
414 431 451 463 et
470 429 622 463 assiduis
640 432 776 463 terram
793 430 1014 464 insectabere
1031 430 1169 475 rastris,

196 481 246 515 Et
264 482 386 515 sonitu
404 482 554 515 terrebis
573 494 670 526 aves,
692 486 729 517 et
748 483 841 516 ruris
860 483 962 526 opaci

200 534 308 568 Falce
327 546 467 578 premes
488 535 647 579 umbras,
669 536 838 579 votisque
856 536 1039 569 vocaveris
1057 536 1209 570 imbrem
1227 549 1236 579 3

201 586 303 630 Heu,
325 599 498 631 magnum
517 589 667 622 alterius
685 589 820 622 frustra
838 589 1015 632 spectabis
1033 600 1214 634 acervum,

201 640 456 684 Concussaque
475 641 610 674 famem
627 641 666 674 in
686 641 797 685 sylvis
816 642 975 674 solabere
994 653 1139 685 quercu.

248 693 455 727 Dicendum
474 697 511 727 et
529 705 612 737 quae
631 694 704 727 sint
723 694 824 727 duris
844 694 1045 737 agrestibus
1065 706 1165 729 arma
1180 707 1190 736 ;

199 745 310 786 Queis
329 746 406 779 sine
424 758 490 780 nec
509 747 659 790 potuere
679 747 748 780 seri
766 758 832 779 nec
851 758 994 790 surgere
1014 759 1147 780 messes
1165 760 1172 782 :

198 797 340 842 Vomis,
363 801 400 832 et
419 799 544 832 inflexi
562 799 719 843 primum
738 811 846 843 grave
864 799 976 833 robur
995 801 1117 843 aratri,

197 851 386 895 Tardaque
405 852 587 885 Eleusinae
606 852 733 886 matris
747 853 934 886 volventia
953 853 1128 896 plaustra,

197 904 429 949 Tribulaque,
450 905 672 949 traheaeque,
695 908 731 938 et
750 905 876 949 iniquo
896 906 1055 949 pondere
1074 906 1182 939 rastri
1193 918 1204 948 ;

196 957 331 1001 Virgea
349 961 523 1001 praeterea
542 958 639 992 Celei
658 958 812 1002 vilisque
831 959 1007 1002 supellex,

195 1011 370 1044 Arbuteae
389 1014 504 1045 crates
523 1014 561 1045 et
580 1011 733 1055 mystica
751 1023 893 1045 vannus
913 1011 1034 1045 Iacchi
1051 1023 1059 1046 ι

196 1063 327 1098 Omnia
347 1075 429 1107 quae
447 1064 565 1097 multo
585 1067 670 1098 ante
689 1076 827 1098 memor
844 1065 988 1108 provisa
1005 1075 1172 1108 repones,

197 1117 235 1151 Si
253 1120 290 1150 te
309 1117 419 1160 digna
436 1120 561 1151 manet
580 1117 695 1151 divini
713 1117 826 1161 gloria
844 1117 947 1151 ruris.

197 1170 379 1203 Continuo
398 1169 437 1203 in
456 1170 568 1214 sylvis
586 1173 718 1214 magna
736 1170 773 1204 Vi
792 1171 888 1204 flexa
906 1170 1076 1204 domatur

199 1223 246 1256 In
268 1223 400 1266 burim,
419 1226 456 1256 et
475 1223 577 1256 curvi
595 1223 750 1257 formam
769 1223 898 1267 accipit
916 1224 1039 1256 ulmus
1057 1223 1168 1258 aratri
1185 1235 1193 1259 ε

198 1275 298 1309 Huic
317 1288 338 1309 a
357 1276 469 1320 stirpe
487 1276 597 1320 pedes
614 1279 712 1310 temo
731 1279 924 1320 protentus
942 1276 981 1309 in
1001 1279 1083 1310 octo
1100 1289 1110 1318 ;

197 1327 302 1362 Binae
320 1340 436 1371 aures,
459 1329 596 1373 duplici
614 1331 790 1373 aptantur
808 1329 970 1362 dentalia
989 1329 1104 1363 dorso.

198 1381 361 1415 Caeditur
379 1385 417 1415 et
435 1382 514 1415 tilia
532 1384 616 1415 ante
632 1381 721 1426 jugo
740 1381 842 1425 levis,
864 1382 1012 1426 altaque
1031 1382 1147 1426 fagus,

197 1434 384 1478 Stivaque,
406 1446 488 1478 quae
507 1447 633 1468 currus
652 1446 673 1468 a
689 1437 791 1478 tergo
810 1437 981 1478 torqueat
1000 1434 1092 1469 imos
1112 1448 1122 1478 ;
1145 1471 1150 1475 ,

195 1487 245 1521 Et
264 1499 434 1532 suspensa
452 1488 548 1521 focis
560 1488 723 1532 explorat
745 1488 874 1521 robora
891 1488 1022 1521 fumus.

194 1540 348 1574 Possum
367 1541 485 1574 multa
501 1541 571 1574 tibi
591 1544 755 1574 veterum
776 1544 958 1585 przecepta
976 1541 1110 1574 referre
1130 1554 1139 1584 ;

196 1593 235 1627 N
237 1594 250 1627 i
267 1594 413 1638 refugis,
435 1596 636 1638 tenuesque
655 1594 754 1638 piget
774 1606 985 1637 cognoscere
1006 1606 1117 1628 curas.

195 1647 292 1681 Area
317 1659 399 1681 cum
418 1647 543 1691 primis
561 1647 701 1691 ingenti
719 1647 899 1691 aequanda
917 1647 1094 1691 cylindro,

195 1699 245 1734 Et
264 1700 439 1733 vertenda
456 1712 580 1743 manu,
603 1703 639 1734 et
659 1702 757 1734 creta
776 1700 966 1734 solidanda
984 1701 1117 1744 tenaci,

195 1752 255 1786 Ne
274 1753 428 1786 subeant
446 1753 580 1796 herbae,
602 1765 675 1786 neu
694 1754 843 1797 pulvere
862 1754 960 1787 victa
978 1754 1132 1787 fatiscat.

195 1805 289 1840 Tum
306 1806 417 1840 variae
435 1806 599 1840 illudunt
617 1809 736 1850 pestes
757 1819 764 1841 :
794 1818 888 1850 saepe
910 1806 1063 1850 exiguus
1082 1817 1163 1839 mus

196 1858 272 1893 Sub
290 1859 395 1892 terris
413 1859 607 1903 posuitque
627 1859 753 1893 domos
772 1862 882 1903 atque
902 1859 1029 1893 horrea
1048 1860 1134 1893 fecit
1150 1872 1160 1899 ;

195 1912 274 1946 Aut
294 1912 407 1945 oculis
425 1913 522 1956 capti
540 1912 662 1946 fodere
681 1912 816 1946 cubilia
833 1913 943 1956 talpae
960 1925 969 1954 ;

195 1964 447 2008 Inventusque
467 1966 563 1999 cavis
582 1966 682 2009 bufo,
705 1968 743 1999 et
762 1977 844 2010 quae
862 1965 1018 2009 plurima
1035 1968 1143 1998 terrae

195 2017 363 2051 Monstra
381 2018 506 2051 ferunt
523 2031 531 2060 ;
559 2019 782 2062 populatque
801 2019 987 2061 ingentem
1006 2018 1110 2051 farris
1129 2026 1300 2051 acervum

196 2070 377 2113 Curculio,
399 2074 510 2114 atque
529 2071 629 2115 inopi
647 2075 816 2104 metuens
835 2072 984 2104 formica
1004 2076 1167 2104 senectfe.

196 2123 472 2167 Contemplator
489 2124 590 2167 item,
608 2136 723 2168 quum
743 2136 779 2157 se
798 2136 875 2157 nux
894 2124 1050 2167 plurima
1071 2125 1183 2167 sylvis

196 2176 334 2211 Induet
353 2177 391 2210 in
411 2177 549 2220 florem,
572 2179 609 2210 et
626 2188 744 2210 ramos
764 2177 930 2210 curvabit
949 2177 1088 2210 olentes
1108 2190 1116 2218 ;

197 2229 236 2264 Si
255 2232 428 2273 superant
447 2231 572 2273 foetus,
594 2230 730 2274 pariter
748 2230 933 2263 frumenta
952 2232 1158 2274 sequentur.

197 2282 406 2327 Magnaque
425 2295 508 2317 cum
526 2295 657 2327 magno
677 2283 800 2316 Veniet
818 2283 951 2316 tritura
970 2283 1086 2316 calore
1107 2295 1113 2318 :

197 2336 250 2369 At
269 2336 299 2369 si
317 2336 465 2370 luxuria
483 2336 652 2370 foliorum
671 2337 846 2370 exuberat
865 2336 1006 2379 umbra,

198 2387 237 2422 N
238 2388 454 2433 equicquam
472 2390 624 2434 pingues
642 2389 747 2434 palea
764 2392 859 2423 teret
878 2401 960 2423 area
978 2389 1125 2423 culmos.

1226 2446 1246 2468 c
1268 2438 1287 2468 2

1356 124 1410 158 527

1375 426 1416 446 ⁸53

1373 1479 1409 1502 [73

1370 1752 1411 1771 (8⁰

1373 2015 1411 2036 155

1372 2276 1408 2298 19⁰
