1528 2569
612 102 748 129 LIBER
776 101 854 128 xn.

182 187 395 223 Sermonem
413 188 568 223 Ausonii
585 190 744 233 patrium
764 199 953 233 moresque
971 187 1151 222 tenebunt
1169 201 1179 229 ;

182 241 310 285 thue
329 243 396 285 est,
419 253 552 276 nomen
572 242 641 275 erit
660 255 668 283 ;
697 241 886 275 commixti
905 252 1050 284 corpore
1068 243 1216 274 tantum

184 293 383 328 Subsident
402 294 531 328 Teucri
550 307 557 329 ε
586 306 724 328 morem
743 294 911 338 ritusque
929 304 1112 327 sacrorum

183 346 377 390 Adjiciam,
399 347 601 390 faciamque
621 358 744 381 omnes
763 359 838 380 uno
857 358 917 380 ore
937 346 1095 380 Latinos.

184 398 284 433 Hinc
302 411 427 443 genus,
449 400 612 433 Ausonio
630 399 790 433 mixtum
809 399 907 443 quod
927 399 1101 442 sanguine
1120 400 1253 443 surget,

184 451 301 495 Supra
318 452 494 495 homines,
517 463 625 496 supra
643 452 695 485 ire
714 452 811 486 Deos
829 452 963 496 pietate
982 451 1122 485 videbis
1139 464 1148 493 ;

183 504 264 538 Nec
282 516 369 548 gens
388 505 463 538 ulla
479 507 563 538 tuos
582 516 685 548 aeque
704 505 898 538 celebrabit
916 504 1109 538 honores.’'

182 557 327 591 Annuit
346 557 402 590 his
421 557 446 591 J
449 569 532 600 uno,
557 560 594 591 et
613 560 772 591 mentem
790 558 915 590 laetata
933 556 1078 590 retorsit
1096 569 1103 591 :

183 609 331 643 Interea
350 610 492 644 excedit
511 610 602 644 coelo
621 610 828 654 nubemque
846 609 1003 654 reliquit.

238 662 309 695 His
327 663 426 706 actis,
450 663 550 696 aliud
571 663 724 696 Genitor
743 674 864 696 secum
883 663 958 707 ipse
977 662 1132 704 volutat,

186 714 213 748 J
215 718 461 759 uturnamque
479 719 583 759 parat
602 716 724 749 fratris
744 715 928 748 dimittere
947 715 993 748 ab
1011 714 1130 748 armis.

185 768 368 801 Dicuntur
386 768 539 811 geminae
558 771 687 812 pestes,
709 768 920 811 cognomine
939 767 1051 809 Dirae,

187 819 294 863 Quas,
318 823 355 853 et
374 820 581 854 Tartaream
600 820 687 854 Nox
705 821 923 863 intempesta
942 819 1152 863 Megaeram,

186 872 270 906 Uno
290 873 487 917 eodemque
506 873 594 906 tulit
614 875 733 917 partu,
756 873 975 917 paribusque
994 871 1153 906 revinxit

189 925 400 969 Serpentem
420 926 534 969 spiras,
554 929 796 969 ventosasque
815 925 956 959 addidit
975 925 1049 958 alas
1067 936 1074 958 :

187 978 259 1012 Hae
278 978 305 1012 J
307 979 384 1012 ovis
402 978 448 1012 ad
467 979 598 1012 solium
618 979 776 1022 saevique
795 978 833 1011 111
852 978 976 1011 limine
996 977 1089 1020 regis

186 1031 386 1075 Apparent,
408 1034 618 1075 acuuntque
637 1034 776 1065 metum
795 1031 1010 1064 mortalibus
1029 1029 1146 1073 aegris,

188 1084 227 1118 Si
246 1084 392 1128 quando
411 1084 526 1117 letum
544 1084 753 1117 horrificum
771 1084 988 1127 morbosque
1007 1083 1127 1116 Deum
1145 1093 1210 1116 rex

187 1137 355 1180 Molitur,
378 1137 525 1170 meritas
543 1139 608 1170 aut
626 1137 721 1170 bello
739 1136 884 1170 territat
902 1136 1017 1169 urbes.

188 1189 332 1223 Harum
350 1201 461 1223 unam
481 1190 631 1223 celerem
650 1189 812 1223 demittit
831 1189 877 1222 ab
897 1189 1031 1222 aethere
1051 1199 1192 1221 summo

189 1242 349 1286 Jupiter,
371 1243 482 1285 inque
501 1254 607 1276 omen
626 1242 652 1276 J
654 1245 799 1276 uturnae
818 1253 1000 1276 occurrere
1015 1240 1126 1285 jussit
1145 1253 1152 1275 :

188 1295 259 1329 lua
279 1295 386 1338 volat,
407 1295 584 1339 celerique
603 1295 650 1328 ad
668 1298 802 1329 terram
820 1294 967 1328 turbine
985 1295 1110 1327 fertur.

189 1347 276 1381 Non
296 1359 397 1381 secus
416 1360 457 1382 ac
476 1360 586 1382 nervo
606 1360 670 1392 per
687 1348 821 1381 nubem
840 1347 995 1391 impulsa
1013 1345 1157 1389 sagitta,

189 1401 380 1435 Armatam
399 1401 487 1434 saevi
505 1401 665 1434 Parthus
684 1412 795 1444 quam
813 1400 897 1433 felle
915 1400 1058 1442 veneni,

190 1453 364 1497 (Parthus
384 1453 459 1487 sive
479 1453 637 1498 Cydon,)
656 1453 772 1486 telum
791 1452 1055 1486 immedicabile
1073 1451 1180 1485 torsit

190 1506 366 1549 Stridens,
388 1509 425 1540 et
444 1506 575 1540 celeres
593 1505 776 1549 incognita
794 1505 954 1539 transilit
972 1505 1118 1538 umbras
1138 1517 1145 1539 z

190 1559 286 1593 Talis
305 1571 342 1592 se
361 1561 439 1592 sata
458 1559 577 1592 Nocte
595 1559 695 1601 tulit,
717 1562 904 1602 terrasque
922 1557 1063 1601 petivit.

190 1611 392 1655 Postquam
409 1612 502 1645 acies
520 1612 621 1645 videt
641 1611 782 1653 Iliacas,
804 1614 914 1655 atque
934 1610 1079 1654 agmina
1098 1610 1223 1655 Turni,

190 1664 300 1698 Alitis
318 1665 356 1697 in
376 1676 497 1708 parvae
517 1665 637 1698 subito
657 1664 806 1698 collecta
824 1664 989 1707 figuram,

192 1717 282 1758 Quae
302 1717 500 1761 quondam,
522 1717 561 1750 in
580 1717 697 1750 bustis
716 1719 780 1750 aut
799 1716 1018 1750 culminibus
1037 1716 1188 1751 desertis

191 1770 311 1803 Nocte
330 1770 468 1812 sedens,
493 1781 612 1803 serum
631 1770 729 1803 canit
747 1769 956 1812 importuna
974 1780 1038 1812 per
1055 1770 1201 1802 umbras
1217 1782 1226 1810 3

190 1822 298 1856 Hanc
316 1834 418 1856 versa
436 1823 474 1856 in
493 1823 634 1865 faciem,
657 1822 770 1855 Turni
788 1833 825 1854 se
844 1821 955 1865 pestis
974 1821 1020 1855 ad
1040 1834 1102 1855 ora

191 1875 351 1918 Fertque
371 1875 553 1919 refertque
572 1886 715 1917 sonans,
738 1875 978 1918 clypeumque
997 1875 1182 1908 everberat
1201 1874 1276 1908 alis,

189 1928 252 1961 Illi
270 1928 431 1961 membra
449 1939 567 1961 novus
586 1927 695 1962 solvit
713 1927 906 1960 formidine
924 1929 1049 1970 torpor
1069 1941 1077 1968 ;

192 1981 428 2025 Arrectaeque
447 1981 594 2014 horrore
614 1991 738 2023 comae,
757 1982 793 2013 et
812 1991 885 2013 vox
904 1980 1069 2014 faucibus
1087 1980 1202 2013 haesit.

191 2034 256 2075 At,
278 2034 403 2077 procul
422 2036 465 2067 ut
484 2034 582 2067 Dirae
601 2033 792 2066 stridorem
811 2032 959 2076 agnovit
979 2035 1015 2066 et
1034 2033 1121 2076 alas,

192 2086 329 2120 Infelix
349 2087 464 2120 crines
483 2086 616 2120 scindit
635 2086 662 2119 J
664 2088 800 2119 uturna
819 2085 969 2128 solutos,

193 2138 389 2183 Unguibus
408 2151 470 2173 ora
489 2150 589 2173 soror
606 2139 760 2181 foedans,
779 2141 816 2171 et
835 2140 981 2181 pectora
999 2137 1130 2182 pugnis
1151 2150 1158 2171 :

195 2193 220 2210 “
237 2191 334 2232 Quid
354 2203 451 2225 nunc
468 2194 506 2225 te
524 2195 599 2234 tua,
624 2191 756 2234 Turne,
778 2193 899 2235 potest
917 2202 1086 2234 germana
1101 2191 1231 2234 juvare
1248 2190 1260 2224 2

191 2244 271 2278 Aut
290 2245 379 2288 quid
393 2245 471 2289 jam
490 2245 631 2278 miserze
650 2246 797 2288 superat
814 2244 906 2277 mihi
923 2244 935 2277 ’ἔ
963 2245 1035 2287 qua
1052 2243 1121 2276 tibi
1139 2244 1257 2277 lucem

192 2297 283 2331 AJte
303 2297 446 2331 morer?
474 2298 577 2331 talin'
597 2308 744 2341 possum
762 2308 820 2330 me
839 2307 1019 2340 opponere
1038 2299 1200 2329 monstro
1218 2296 1229 2330 2

189 2348 219 2382 J
221 2360 279 2383 am
294 2350 372 2394 jam
389 2350 517 2394 linquo
535 2350 628 2384 acies
648 2362 655 2384 :
684 2361 730 2384 ne
749 2361 807 2383 me
825 2352 958 2383 terrete
977 2349 1181 2392 timentem,

1309 93 1390 131 2:3¹7

1351 239 1392 259 835

1353 765 1395 785 8⁴5

1354 1029 1396 1049 85⁰

1358 1557 1399 1576 860

1359 1821 1400 1840 3657

1360 2082 1402 2105 870

1363 2345 1405 2369 875
