1559 2584
130 74 204 112 124

615 80 799 109 VIRGILH
829 79 984 108 AENEIS.

228 169 388 203 Tartarae
407 169 614 202 monstrum
631 180 639 209 ;
667 170 725 200 tot
745 178 821 200 sese
840 166 952 200 vertit
970 166 1007 199 111
1028 176 1101 209 ora,

233 222 322 256 Tam
341 232 446 255 saevae
466 220 587 263 facies,
609 221 667 253 tot
685 219 844 263 pullulat
863 221 943 253 atra
961 218 1125 253 colubris.

231 275 349 316 Quam
368 273 470 307 Juno
489 273 546 306 his
564 272 663 306 acuit
681 272 813 315 verbis,
835 283 876 305 ac
894 271 984 305 talia
1002 271 1102 305 fatur
1119 283 1127 306 :

235 329 260 346 “
274 327 388 360 Hunc
406 326 497 359 mihi
516 325 563 359 da
582 325 782 369 proprium,
805 324 906 368 virgo
925 327 1003 358 sata
1021 327 1138 368 nocte,
1160 323 1333 367 laborem,

231 380 340 414 Hanc
359 390 506 423 operam
525 391 532 413 :
560 390 606 412 ne
621 381 746 411 noster
763 378 890 420 honos,
907 377 1108 411 infractave
1127 377 1231 411 cedat

231 433 345 467 Fama
362 432 442 466 loco
459 445 468 473 ;
496 443 569 465 neu
588 431 778 465 connubiis
797 430 934 464 ambire
952 430 1126 464 Latinum

232 485 414 519 .AEneadae
431 485 583 528 possint,
607 484 766 518 Italosve
785 483 949 517 obsidere
969 483 1066 517 fines.

233 539 289 572 Tu
307 540 411 582 potes
428 537 622 571 unanimos
640 548 780 571 armare
798 537 837 570 in
855 536 980 580 praefia
997 536 1140 579 fratres,

234 592 358 636 Atque
378 591 470 624 odiis
488 602 630 624 versare
649 590 775 624 domos
796 602 802 624 :
831 591 874 623 tu
893 589 1043 623 verbera
1060 589 1168 622 tectis

234 645 492 687 Funereasque
512 643 645 676 inferre
659 643 755 676 faces
777 656 783 677 :
812 642 883 676 tibi
901 642 1049 675 nomina
1066 641 1178 685 mille,

234 697 341 731 Mille
359 697 515 730 nocendi
532 699 638 730 artes.
698 695 927 730 Foecundum
945 697 1098 729 concute
1117 698 1255 740 pectus,

234 750 371 794 Disjice
390 750 627 794 compositam
645 761 782 793 pacem,
805 760 881 782 sere
901 748 1051 782 crimina
1069 748 1156 782 belli
1174 760 1180 782 :

234 806 349 837 Arma
367 803 468 846 velit,
490 805 689 846 poscatque
708 802 828 844 simul,
851 802 1042 845 rapiatque
1057 801 1246 845 juventus,

237 856 334 890 Exin
354 855 555 900 Gorgoneis
571 856 713 889 Allecto
732 855 869 888 infecta
888 854 1037 888 venenis

237 909 424 953 Principio
444 908 592 943 Latium
607 911 644 942 et
659 908 852 942 Laurentis
869 910 967 941 tecta
984 907 1133 950 tyranni

237 962 342 996 Celsa
361 962 468 1006 petit,
491 961 719 1005 tacitumque
739 961 891 995 obsedit?
900 961 1013 994 limen
1031 960 1176 993 Amatae
1198 972 1204 993 :

237 1015 357 1056 Quam
376 1026 484 1058 super
503 1014 667 1048 adventu
688 1014 877 1056 Teucrum,
902 1013 1089 1056 Turnique
1108 1012 1317 1056 hymenaeis.

236 1068 434 1102 Foemineae
454 1067 643 1100 ardentem
663 1078 831 1110 curaeque
851 1066 986 1110 iraeque
1006 1066 1212 1110 coquebant

237 1121 337 1154 Huic
352 1121 431 1154 Dea
450 1120 616 1154 coeruleis
635 1131 751 1153 unum
771 1119 816 1153 de
837 1119 996 1152 crinibus
1015 1130 1170 1163 anguem

237 1174 407 1217 Conjicit,
430 1174 543 1217 inque
562 1173 683 1206 sinum
702 1172 900 1216 praecordia
919 1172 963 1206 ad
985 1172 1117 1205 intima
1137 1171 1261 1205 subdit
1283 1184 1290 1206 :

239 1227 319 1268 Quo
337 1226 538 1260 furibunda
556 1226 706 1259 domum
725 1228 889 1259 monstro
907 1225 1120 1269 permisceat
1140 1235 1294 1258 omnem.

237 1280 320 1323 Ille,
337 1279 435 1314 inter
453 1282 571 1313 vestes
590 1281 628 1312 et
647 1279 742 1312 levia
760 1282 908 1322 pectora
925 1279 1059 1322 lapsus,

238 1332 414 1367 Volvitur
432 1335 575 1366 attactu
595 1332 709 1375 nullo,
732 1332 900 1376 fallitque
919 1331 1116 1374 furentem,

237 1386 434 1430 Vipeream
453 1386 632 1429 inspirans
651 1385 810 1419 animam
831 1397 837 1419 :
867 1386 909 1418 fit
927 1384 1052 1418 tortile
1072 1384 1164 1418 collo

237 1440 383 1473 Aurum
400 1439 528 1482 ingens
555 1439 712 1481 coluber,
735 1438 778 1471 fit
796 1438 913 1482 longae
936 1438 1048 1472 taenia
1067 1438 1182 1480 vittae,

237 1491 474 1536 Iunectitque
498 1503 629 1534 comas,
652 1494 688 1524 et
707 1491 878 1525 membris
895 1491 1056 1524 lubricus
1075 1492 1180 1524 errat.

237 1546 293 1579 Ac
312 1545 402 1578 dum
420 1544 537 1588 prima
555 1544 634 1578 lues
652 1544 726 1577 udo
747 1544 916 1588 sublapsa
933 1554 1075 1576 veneno

239 1597 433 1631 Pertentat
453 1608 591 1640 sensus,
614 1599 725 1641 atque
745 1597 886 1630 ossibus
904 1596 1067 1640 implicat
1086 1596 1207 1640 ignem
1228 1609 1238 1637 ;

239 1651 410 1684 Necdum
428 1650 572 1684 animus
586 1652 665 1683 toto
684 1650 844 1693 percepit
863 1652 1007 1694 pectore
1027 1649 1210 1682 flammam
1229 1661 1238 1690 3

240 1703 404 1746 Mollius,
423 1706 459 1737 et
479 1703 587 1736 solito
599 1705 760 1736 matrum
780 1703 825 1736 de
844 1714 953 1745 more,
978 1702 1099 1736 locuta
1117 1704 1183 1745 cst,

240 1756 364 1790 Multa
383 1767 492 1800 super
510 1758 598 1789 nata
617 1756 832 1799 lacrymans,
851 1755 1079 1799 Phrygisque
1093 1755 1292 1799 hymenaeis
1313 1767 1319 1790 ε

243 1811 269 1827 “
284 1809 528 1842 Exsulibusne
548 1809 657 1842 datur
675 1808 843 1842 ducenda
863 1808 1016 1842 Lavinia
1036 1808 1194 1851 Teucris,

242 1862 273 1896 O
292 1862 435 1906 genitor
452 1862 464 1895 2
491 1873 557 1895 nec
571 1864 608 1895 te
627 1862 774 1895 miseret
792 1864 974 1906 nataeqoe,
997 1861 1126 1906 tuique
1148 1860 1161 1895 ’1

240 1915 278 1949 N
282 1927 321 1949 ec
339 1914 467 1949 matris
484 1915 643 1958 miseret,
666 1926 776 1958 quam
794 1915 911 1958 primo
930 1914 1114 1958 Aquilone
1133 1914 1317 1958 relinquet

241 1967 421 2011 Perfidus,
443 1967 519 2001 alta
538 1971 675 2011 petens,
700 1967 860 2002 abducta
878 1968 1017 2011 virgine
1036 1967 1160 2011 praedo
1178 1967 1190 2001 2

241 2022 293 2055 At
313 2032 387 2054 non
407 2020 457 2054 sic
477 2019 659 2064 Phrygius
678 2023 846 2064 penetrat
866 2021 1127 2055 Lacedaemona
1146 2022 1280 2064 pastor,

242 2073 485 2117 Ledaeamque
505 2073 685 2107 Holenam
706 2074 880 2117 Trojanas
900 2074 1001 2108 vexit
1019 2074 1065 2107 ad
1085 2073 1202 2107 urbes.

243 2126 339 2167 Quid
359 2129 424 2160 tua
443 2129 567 2160 sancta
586 2127 687 2169 fides,
710 2127 800 2170 quid
820 2138 906 2161 cura
924 2127 1076 2171 antiqua
1094 2129 1255 2168 tuorum,

241 2179 291 2213 Et
310 2179 576 2223 consanguineo
596 2180 705 2213 toties
724 2180 812 2213 data
830 2180 981 2214 dextera
1000 2180 1122 2213 Turno
1140 2179 1152 2213 2

243 2231 281 2267 Si
299 2243 409 2276 gener
427 2234 579 2266 externa
597 2233 736 2276 petitur
755 2233 800 2266 de
819 2235 926 2277 gente
946 2232 1099 2276 Latinis,

242 2285 361 2329 quue
379 2284 493 2328 sedet,
516 2284 708 2330 Faunique
725 2289 896 2329 promunt
914 2288 952 2319 te
966 2285 1070 2329 jussa
1088 2285 1248 2329 parentis
1268 2298 1276 2326 ;

241 2337 395 2372 Omnem
415 2337 584 2381 equidem
605 2339 755 2381 sceptris
774 2342 907 2372 terram
928 2350 1010 2383 quae
1029 2338 1141 2372 libera
1161 2338 1294 2371 nostris

1402 268 1444 288 3317

1406 532 1447 552 ³:55

1407 798 1448 818 34u

1408 1063 1449 1084 335

1412 1329 1453 1350 ³50

1413 1594 1453 1615 aa

1415 1859 1456 1880 ³60

1415 2123 1456 2143 ³65
