1528 2569
527 126 713 153 VIRGILH
744 126 1011 153 CATALECTA.
1347 115 1424 151 1023

325 213 437 248 Nunc
454 214 570 258 laede,
592 227 690 248 nunc
709 215 853 257 lacesse,
875 215 906 248 si
925 213 1125 258 quidquam
1145 213 1266 247 vales!

378 267 426 300 Et
444 279 577 301 nomen
596 268 760 302 adscribo
777 270 895 301 tuum.

325 319 482 354 Cinaede
501 320 603 364 Luci,
624 332 672 355 an
689 323 728 354 te
745 321 973 364 reliquerunt
992 331 1088 364 opes,

378 373 561 417 Fameque
580 373 730 418 genuini
748 377 897 417 crepant
914 373 925 406 2

324 425 468 460 Videbo
486 427 682 460 habentem
699 429 842 470 praeter
859 427 1008 470 ignavos
1027 425 1119 459 nihil

379 479 524 513 Fratres
543 482 580 513 et
598 480 734 513 iratum
753 479 891 522 Iovem,

326 532 556 576 scissumque
574 535 753 575 ventrem,
776 535 813 566 et
831 531 989 565 herniosi
1007 531 1130 575 patrui

380 585 496 619 Pedes
514 586 636 619 inedia
653 585 827 630 turgidos.

522 694 720 755 VL—AD
748 720 1015 755 VENEREM.

326 807 366 841 Si
383 807 474 840 mihi
492 809 701 850 susceptum
719 805 832 839 fuerit
851 805 1039 839 decurrere
1058 816 1205 848 munus,

392 860 423 894 O
443 860 608 904 Paphon,
631 871 652 893 o
671 859 774 892 sedes
793 870 886 903 quae
905 858 992 892 colis
1011 858 1158 901 Idalias,

327 914 456 947 Troius
475 914 618 946 Aeneas
637 912 805 946 Romana
823 923 887 956 per
905 910 1039 955 oppida
1057 911 1168 954 digno

384 967 464 1000 Iam
483 966 635 1000 tandem
653 968 697 998 ut
716 968 838 998 tecum
853 964 1010 998 carmine
1030 968 1157 997 vectus
1177 966 1235 997 eat
1254 975 1261 998 τ

329 1020 417 1054 Non
437 1031 502 1063 ego
521 1022 602 1053 ture
621 1018 731 1052 modo
751 1021 816 1052 aut
834 1018 933 1062 picta
950 1020 1016 1051 tua
1033 1017 1171 1061 templa
1190 1016 1325 1050 tabella

384 1073 542 1116 Ornabo,
565 1074 602 1105 et
621 1072 721 1116 puris
740 1074 837 1105 serta
855 1071 969 1104 feram
987 1071 1156 1104 manibus
1173 1083 1182 1111 3

330 1127 504 1170 Corniger
521 1125 587 1159 hos
606 1125 698 1159 aries
716 1125 866 1158 humilis
885 1127 923 1157 et
941 1123 1101 1157 maxima
1119 1126 1248 1157 taurus

385 1179 546 1212 Victima
566 1181 722 1212 sacratos
741 1178 887 1221 tinguet
900 1177 1036 1210 honore
1055 1177 1166 1219 focos,

331 1233 631 1275 Marmoreusque
650 1231 731 1273 tibi,
755 1231 834 1273 dea,
856 1229 1132 1263 versicoloribus
1151 1229 1217 1263 alis

385 1286 431 1319 In
449 1296 586 1318 morem
604 1284 702 1328 picta
721 1283 832 1317 stabit
850 1284 965 1316 Amor
982 1282 1160 1327 pharetra.

332 1339 454 1381 Adsis,
473 1349 494 1371 o
514 1337 693 1381 Cytherea
713 1349 720 1371 :
749 1339 837 1370 tuus
855 1339 892 1369 te
913 1335 1042 1369 Caesar
1062 1335 1218 1379 Olympo

385 1392 436 1425 Et
456 1390 663 1425 Surrentini
681 1389 799 1423 litoris
818 1401 881 1423 ora
898 1391 1012 1422 vocat.

1420 1014 1432 1032 5

189 1544 566 1581 vss.—RELIOTIS
593 1544 728 1578 ALIIS
756 1542 955 1577 STUDHS
983 1541 1378 1575 PHILOSOPHIAM

423 1597 726 1631 EPIOUREAM
754 1595 1125 1630 AMPLECTITUR.

335 1684 394 1718 Ite
412 1684 511 1727 hinc,
533 1683 672 1727 inanes,
694 1683 758 1726 ite,
779 1683 968 1716 rhetorum
987 1682 1181 1725 ampullae,

334 1738 469 1771 Inflata
486 1748 566 1770 rore
584 1748 659 1770 non
677 1736 835 1770 Achaico
853 1735 964 1768 verba
982 1748 992 1776 3

333 1791 383 1824 Et
402 1802 478 1833 VOS,
501 1790 574 1824 Sile
592 1790 736 1832 Albuti,
753 1788 986 1833 Arquitique,
1008 1787 1210 1832 Varroque,

337 1843 643 1878 scholasticorum
660 1843 762 1876 natio
780 1842 932 1875 madens
951 1841 1090 1885 pingui,

338 1897 396 1930 Ite
416 1897 513 1940 hinc,
534 1896 652 1929 inanis
673 1895 866 1940 cymbalon
886 1894 1100 1928 iuventutis.

334 1950 471 1994 Tuque,
496 1960 517 1982 o
535 1960 699 1982 mearum
717 1959 815 1991 cusa,
839 1947 961 1990 Sexte,
985 1958 1165 1990 curarum,

337 2003 442 2046 Vale,
466 2002 617 2043 Sabine3
645 2003 718 2035 iam
736 2001 867 2044 valete,
889 2000 1049 2034 formosi.

337 2056 416 2089 Nos
436 2056 482 2089 ad
500 2055 626 2089 beatos
644 2055 726 2088 vela
744 2055 925 2087 mittimus
945 2056 1086 2097 portus,

338 2109 467 2153 Magni
484 2111 651 2153 petentes
669 2108 777 2141 docta
797 2107 895 2141 dicta
914 2107 1077 2151 Syronis,

339 2162 540 2206 Vitamque
561 2161 605 2195 ab
625 2161 724 2194 omni
743 2160 1010 2194 vindicabimus
1032 2170 1126 2193 cura.
1420 2154 1448 2178 ¹⁴*

340 2216 397 2248 Ite
417 2215 515 2258 hinc,
538 2215 728 2257 Camenae,
750 2225 815 2247 vos
834 2225 979 2257 quoque
998 2213 1114 2246 limite
1133 2210 1306 2254 saevaes*

339 2268 473 2302 Dulces
492 2268 690 2301 Camenae:
718 2278 804 2300 nam
822 2266 1021 2300 fatebimur
1039 2277 1178 2308 verum,

344 2322 479 2355 Dulces
497 2321 629 2354 fuistis,
690 2320 740 2353 Et
758 2323 881 2353 tamen
900 2331 999 2352 meas
1017 2318 1161 2352 chartas

342 2374 556 2417 Revisitote,
579 2374 641 2407 sed
661 2373 841 2418 pudenter
860 2375 896 2406 et
914 2383 1004 2406 raro.
