1559 2584
131 90 212 129 216

608 97 794 125 VIRGILH
823 95 979 123 AENEIS.

236 186 365 221 Pulvis
382 199 391 228 ;
419 186 457 220 et
476 197 496 219 e
514 182 668 229 speculis
687 195 866 229 percussae
885 185 1034 227 pectora
1051 184 1186 217 matres

237 239 467 274 Foem'meum
487 237 680 272 clamorem
699 236 746 271 ad
766 236 848 270 coeli
866 235 985 270 sidera
1003 236 1152 270 tollunt.

239 292 311 334 Qui
329 303 437 326 cursu
456 293 579 335 portas
598 290 705 334 primi
723 289 885 333 irrupere
903 291 1083 333 patentes,

236 344 318 379 Hos
335 344 483 378 inimica
502 355 610 387 super
628 343 746 376 mixto
764 342 897 386 premit
917 342 1061 385 agmine
1080 341 1191 375 turba

237 398 276 432 N
279 409 318 431 ec
337 398 504 430 miseram
523 395 703 439 effugiunt
722 398 877 428 mortem
895 407 902 435 ;
931 394 995 428 sed
1014 394 1139 427 limine
1157 394 1196 427 in
1215 394 1306 438 ipso,

238 450 428 484 Moenibus
446 449 484 482 in
504 449 643 494 patriis,
665 451 776 492 atque
795 449 893 481 inter
911 450 994 480 tuta
1013 447 1218 489 domorum,

240 503 385 536 Confixi
404 502 590 546 exspirant
610 501 731 534 anima
741 514 759 535 ε.
821 501 910 534 Pars
930 500 1096 533 claudere
1116 502 1238 543 portas
1259 512 1267 540 ;

238 557 319 591 Nec
338 555 441 589 sociis
460 555 597 598 aperire
616 554 725 596 viam,
748 564 814 587 nec
833 552 1015 586 moenibus
1034 552 1172 586 audent

239 609 413 652 Accipere
432 610 578 641 orantes
597 620 605 649 ;
638 607 828 650 oriturque
847 606 1049 639 miserrima
1068 605 1184 639 caedes

240 661 515 696 Defendentum
534 660 643 694 armis
661 660 796 703 aditus,
818 659 929 703 inque
949 669 1049 692 arma
1067 658 1251 692 ruentum.

239 713 402 757 Exclusi,
425 717 510 747 ante
529 713 651 747 oculos
669 713 1011 757 lacrymantumque
1031 722 1094 745 ora
1112 713 1308 755 parentum

238 765 331 801 Pars
348 767 388 800 in
406 767 609 811 praecipites
627 766 752 809 fossas,
775 768 926 809 urgente
946 765 1063 807 ruina,

240 819 417 854 Volvitur
435 832 443 861 ;
472 819 642 852 immissis
661 830 743 863 pars
763 830 857 852 caeca
879 821 917 851 et
936 817 1079 851 concita
1097 816 1223 850 fraenis

241 873 386 907 Arietat
404 872 443 906 in
461 875 585 916 portas
603 875 639 905 et
655 872 765 905 duros
785 871 900 915 objice
919 873 1050 914 postes

241 925 348 970 Ipsae,
371 925 417 959 de
435 925 549 958 muris
568 936 711 958 summo
731 924 927 958 certamine
947 926 1080 956 matres

242 978 443 1023 (Monstrat
462 989 562 1011 amor
580 989 687 1011 verus
705 976 847 1021 patriae)
867 979 910 1009 ut
929 976 1052 1009 videre
1072 974 1273 1018 Camillam,

241 1030 328 1064 Tela
346 1042 460 1064 manu
477 1030 630 1074 trepidae
646 1030 791 1073 jaciunt
812 1042 819 1068 ;
847 1040 888 1062 ac
906 1029 1034 1062 robore
1053 1028 1157 1070 duro,

243 1083 451 1128 Stipitibus,
473 1083 610 1116 ferrum
630 1082 853 1125 sudibusque
871 1081 1064 1114 imitantur
1083 1080 1224 1113 obustis

241 1136 464 1180 Praecipites,
486 1136 686 1179 primaeque
705 1135 797 1168 mori
815 1145 881 1178 pro
899 1134 1082 1167 moenibus
1101 1133 1240 1167 ardent.

295 1188 442 1222 Interea
461 1189 625 1221 Turnum
644 1188 681 1221 in
701 1187 812 1231 sylvis
832 1187 1050 1220 saevissimus
1069 1186 1198 1230 implet

239 1240 422 1285 Nuntius,
445 1244 482 1275 et
496 1241 627 1285 juveni
645 1241 832 1284 ingentem
851 1240 922 1273 fert
942 1240 1038 1273 Acca
1056 1239 1259 1273 tumultum
1276 1250 1285 1273 τ

241 1295 391 1329 Deletas
411 1292 631 1329 Volscorum
652 1294 757 1336 acies,
780 1293 950 1326 cecidisse
971 1292 1173 1335 Camillam,

243 1348 417 1391 Ingruere
435 1347 596 1381 infensos
615 1347 747 1389 hostes,
766 1349 803 1379 et
823 1346 945 1379 Marte
965 1345 1122 1379 secundo

243 1400 376 1434 Omnia
395 1400 606 1444 corripuisse
627 1412 634 1434 ε
663 1403 803 1433 metum
818 1399 897 1443 jam
916 1398 963 1432 ad
982 1398 1116 1431 moenia
1135 1398 1229 1432 ferri.

243 1453 312 1487 Ille
331 1453 456 1487 furens
477 1453 575 1497 (nam
595 1464 691 1486 saeva
709 1453 735 1486 J
738 1452 815 1485 ovis
834 1452 884 1485 sic
902 1452 1054 1485 numina
1072 1450 1243 1497 poscunt)

243 1507 388 1540 Deserit
407 1507 568 1540 obsessos
587 1506 706 1548 colles,
728 1516 876 1538 nemora
894 1516 1020 1548 aspera
1038 1504 1184 1547 linquit.

243 1559 319 1593 Vix
338 1570 357 1593 e
377 1562 572 1603 conspectu
591 1559 744 1600 exierat,
767 1569 1008 1601 campumque
1027 1557 1188 1600 tenebat,

243 1612 364 1653 Quum
384 1615 487 1656 pater
506 1611 654 1654 AEneas,
677 1611 790 1644 saltus
809 1611 991 1655 ingressus
1011 1613 1167 1654 apertos,

243 1665 521 1709 Exsuperatque
537 1665 681 1708 jugum,
704 1664 882 1707 sylvaque
902 1663 1025 1697 evadit
1044 1665 1165 1706 opaca.

243 1718 303 1752 Sic
322 1719 428 1752 ambo
447 1718 493 1752 ad
512 1729 635 1751 muros
653 1717 771 1761 rapidi
789 1719 942 1760 totoque
961 1717 1132 1749 feruntur

242 1771 412 1816 Agmine,
435 1783 502 1804 neo
521 1771 638 1815 longi<
658 1771 755 1804 inter
774 1781 810 1803 se
829 1769 993 1813 passibus
1013 1769 1156 1803 absunt.

241 1825 297 1858 Ac
316 1824 425 1858 simul
445 1824 583 1869 AEneas
602 1824 786 1857 fumantes
805 1823 954 1867 pulvere
974 1833 1118 1866 campos

241 1877 435 1921 Prospexit
453 1877 572 1920 longe,
596 1876 866 1919 Laurentiaque
886 1875 1031 1919 agmina
1049 1874 1144 1908 vidit
1165 1886 1172 1908 :

242 1930 291 1964 Et
310 1942 449 1964 saevum
469 1930 616 1963 AEnean
635 1929 785 1973 agnovit
805 1929 948 1962 Turnus
966 1928 1005 1961 in
1025 1928 1144 1970 armis,

242 1983 532 2027 Adventumque
551 1982 686 2027 pedum
705 1983 886 2026 flatusque
905 1980 1049 2015 audivit
1068 1990 1244 2024 equorum
1260 1992 1271 2021 ;

243 2036 428 2070 Continuo
447 2047 586 2080 pugnas
606 2035 747 2077 ineant,
770 2037 807 2068 et
827 2034 952 2078 praelia
970 2036 1117 2067 tentent
1139 2046 1145 2067 :

243 2089 281 2123 N
284 2092 295 2123 i
315 2100 440 2123 roseus
458 2089 570 2122 fessos
586 2088 665 2132 jam
686 2088 828 2132 gurgite
850 2087 1012 2120 Phoebus
1033 2086 1139 2119 Ibero

244 2142 376 2176 Tinqat
397 2153 521 2181 euuos,
545 2144 762 2183 noctemque
783 2140 841 2173 die
861 2140 1006 2174 labente
1026 2138 1184 2172 reducat.

242 2194 450 2230 Considunt
469 2194 595 2229 castris
613 2196 698 2228 ante
717 2193 857 2237 urbem,
880 2195 918 2226 et
937 2191 1072 2226 moenia
1090 2190 1239 2226 vallant.

1412 339 1451 359 821

1413 602 1455 622 885

1413 865 1456 886 890

1414 1129 1456 1150 8⁹3

1416 1394 1458 1415 900

1416 1659 1459 1680 905

1419 1923 1458 1944 910
