1559 2584
124 68 203 106 160

597 79 784 108 VIRGILII
811 79 967 109 AENEIS.

228 166 386 212 Insuper
403 167 472 211 his,
496 167 614 212 campi
633 168 733 212 quod
752 180 817 202 rex
836 168 949 203 habet
966 168 1042 213 ipse
1061 168 1225 205 Latinus.

228 220 278 254 Te
297 232 397 264 vero,
419 232 501 254 mea
519 232 630 264 quem
650 220 775 265 spatiis
794 221 1023 266 propioribus
1044 225 1132 257 aetas

228 272 455 317 Insequitur,
478 274 684 308 venerande
703 286 806 318 puer,
823 275 903 318 jam
921 277 1067 319 pectore
1085 278 1166 310 toto

228 326 392 370 Accipio,
414 329 451 360 et
471 327 641 361 comitem
661 339 763 361 casus
782 328 1003 372 complector
1021 328 1059 362 in
1079 340 1204 363 omnes
1220 341 1229 366 z

228 379 345 413 Nulla
364 380 453 413 meis
473 379 549 413 sine
568 383 605 414 te
625 383 811 424 quaeretur
829 381 943 425 gloria
961 382 1080 426 rebus,

230 432 302 466 Seu
320 444 459 477 pacem,
482 445 545 467 seu
565 434 660 467 bella
679 445 801 478 geram
820 447 826 469 :
854 434 925 468 tibi
944 434 1103 469 maxima
1121 447 1244 470 rerum

228 485 509 530 Verborumque
528 487 657 520 fides.’'
714 487 851 521 Contra
869 499 979 532 quem
997 488 1086 522 talia
1104 489 1205 522 fatur

228 538 412 583 Euryalus
429 552 436 574 :
470 541 495 557 “
509 540 572 573 Me
591 541 694 574 nulla
713 540 790 574 dies
807 543 885 575 tam
904 541 1061 575 fortibus
1079 541 1177 575 ausis

228 592 451 626 Dissimilem
470 593 630 636 arguerit
648 606 654 628 :
683 596 831 627 tantum
849 607 857 636 ;
885 594 1035 628 fortuna
1054 594 1213 628 secunda

229 646 308 679 Aut
327 646 479 679 adversa
497 646 611 680 cadat.
675 646 745 680 Sed
764 649 802 680 te
821 659 929 691 super
947 648 1069 681 omnia
1088 648 1184 682 dona

231 698 358 732 Unum
377 710 440 732 oro
457 711 463 733 :
493 700 653 743 genitrix
672 699 811 734 Priami
829 701 874 734 de
893 703 1002 745 gente
1020 703 1169 735 vetusta

229 751 297 786 Est
316 752 419 795 mihi,
441 763 553 796 quam
570 754 740 787 miseram
759 753 881 787 tenuit
901 765 977 788 non
996 754 1066 788 Ilia
1083 754 1194 788 tellus

229 805 380 839 Mecum
399 806 647 849 excedentem,
670 818 744 840 non
764 807 900 841 moenia
918 808 1012 851 regis
1034 808 1184 842 Acestae.

229 857 339 892 Hanc
357 870 423 902 ego
441 870 552 902 nunc,
574 859 738 903 ignaram
757 860 869 904 hujus
889 861 1134 905 quodcunque
1153 860 1279 905 pericli
1298 864 1366 906 est,

229 911 350 956 Inque
371 912 568 946 salutatam
586 913 714 957 linquo
731 926 738 948 ε
767 913 856 947 Nox
875 916 912 947 et
931 916 997 948 tua
1015 915 1120 948 testis

227 964 400 1008 Dextera,
423 965 523 1009 quod
541 977 721 1010 nequeam
739 967 919 1010 lacrymas
937 967 1095 1011 perferre
1114 967 1285 1012 parentis.

227 1018 280 1051 At
300 1021 355 1062 tu,
378 1030 452 1062 oro,
476 1019 591 1052 solare
609 1020 769 1063 inopem,
792 1023 828 1053 et
848 1031 1016 1054 succurre
1035 1021 1171 1054 relictae
1188 1033 1197 1062 ;

227 1070 338 1105 Hanc
357 1071 434 1105 sine
454 1083 512 1105 me
532 1084 633 1116 spem
653 1073 746 1106 ferre
766 1073 823 1107 tui
841 1085 848 1107 ;
878 1073 1074 1107 audentior
1092 1074 1153 1107 ibo

227 1124 273 1158 In
295 1136 398 1158 casus
418 1125 582 1158 omnes.''
638 1125 814 1159 Perculsa
832 1128 955 1160 mente
975 1126 1156 1160 dederunt

226 1177 449 1212 Dardanidae
467 1178 646 1223 lacrymas
664 1191 670 1213 :
701 1181 786 1212 ante
807 1190 932 1213 omnes
951 1179 1103 1223 pulcher
1122 1180 1229 1215 Iulus
1246 1193 1254 1223 ;

225 1231 351 1275 Atque
370 1231 534 1265 animum
553 1232 682 1276 patriae
703 1233 852 1266 strinxit
871 1233 1020 1277 pietatis
1039 1233 1168 1278 imago.

227 1284 322 1318 Tum
341 1284 392 1318 sic
411 1286 544 1319 effatur
561 1298 568 1320 ;

231 1339 257 1356 “
271 1337 441 1382 Spondeo
460 1339 571 1383 digna
589 1339 664 1373 tuis
682 1339 894 1384 ingentibus
914 1340 1036 1374 omnia
1056 1341 1184 1385 coeptis
1202 1354 1210 1376 :

228 1390 401 1436 Namque
420 1391 489 1425 erit
508 1392 578 1427 ista
597 1393 687 1427 mihi
705 1393 877 1437 genitrix,
899 1406 1104 1438 nomenque
1125 1394 1270 1429 Creusae

230 1444 357 1478 Solum
375 1445 534 1479 defuerit
553 1459 560 1488 3
589 1458 655 1480 nec
673 1450 821 1491 partum
839 1448 956 1491 gratia
974 1448 1087 1481 talem

230 1497 351 1532 Parva
369 1501 502 1533 manet.
565 1499 677 1533 Casus
696 1500 835 1534 factum
856 1501 1065 1546 quicunque
1086 1504 1304 1546 sequuntur,

229 1550 303 1585 Per
322 1554 431 1595 caput
450 1552 518 1586 hoc
532 1552 629 1596 jmo,
654 1565 719 1596 per
737 1554 836 1598 quod
855 1557 960 1598 pater
978 1557 1063 1588 ante
1084 1555 1236 1599 solebat,

231 1604 323 1646 Quae
341 1605 411 1638 tibi
429 1606 601 1649 polliceor
619 1607 756 1651 reduci,
777 1608 959 1651 rebusque
978 1608 1158 1652 secundis,

231 1657 324 1692 Haec
343 1659 471 1692 eadem
490 1659 672 1704 matrique
691 1663 767 1694 tuae
786 1661 981 1705 generique
1001 1661 1244 1696 manebunt„

231 1711 289 1745 Sic
307 1711 359 1745 ait
378 1712 610 1756 illacrymans
628 1725 634 1747 :
663 1713 815 1747 humero
835 1714 944 1748 simul
963 1714 1066 1748 exuit
1086 1727 1209 1749 ensem

229 1765 425 1808 Auratum,
448 1765 541 1800 mira
561 1778 670 1810 quem
689 1767 823 1800 fecerat
843 1769 920 1800 arte
940 1767 1087 1811 Lycaon

230 1818 420 1862 Gnossius,
443 1822 554 1862 atque
573 1820 731 1853 habilem
752 1820 882 1864 vagina
900 1822 1047 1864 aptarat
1067 1821 1214 1856 eburna.

228 1871 305 1906 Dat
324 1872 418 1905 Niso
437 1872 656 1907 Mnestheus
674 1873 819 1917 pellem,
842 1874 1098 1918 horrentisque
1117 1875 1233 1908 leonis

229 1924 393 1959 Exuvias
411 1937 418 1959 :
447 1926 587 1969 galeam
607 1926 702 1960 fidus
721 1930 909 1971 permutat
927 1927 1062 1962 Aletes.

227 1978 403 2012 Protinus
421 1980 552 2013 armati
571 1979 747 2013 incedunt
766 1993 772 2015 :
802 1992 893 2024 quos
913 1980 1031 2014 omnis
1049 1983 1178 2015 euntes

227 2031 436 2066 Primorum
454 2044 585 2066 manus
604 2033 650 2067 ad
670 2037 794 2077 portas
808 2034 1065 2078 juvenumque
1085 2045 1286 2078 senumque

226 2084 469 2129 Prosequitur
486 2087 583 2120 votis
599 2100 607 2128 ;
636 2098 778 2120 necnon
798 2090 834 2121 et
854 2087 1004 2131 pulcher
1023 2086 1139 2130 Iulus,

227 2138 327 2172 Ante
347 2151 462 2172 annos
481 2139 718 2184 animumque
737 2152 865 2184 gerens
885 2152 1081 2184 curamque
1101 2140 1257 2186 virilem,

227 2190 352 2226 Multa
372 2192 467 2235 patri
485 2193 665 2237 portanda
684 2193 796 2228 dabat
815 2194 989 2227 mandata
1007 2206 1014 2228 z
1043 2194 1107 2228 sed
1126 2205 1224 2227 amre

230 2244 362 2279 Omnia
380 2245 605 2290 discerpunt,
628 2255 664 2280 et
685 2247 845 2281 nubibus
863 2247 968 2280 irrita
986 2246 1136 2281 donant.

282 2298 426 2342 Egressi
445 2302 619 2343 superant
638 2301 763 2343 fossas,
786 2300 975 2344 noctisque
994 2312 1059 2344 per
1077 2300 1245 2334 umbram

230 2351 357 2386 Castra
373 2351 521 2386 inimica
538 2355 684 2398 petunt,
707 2354 834 2388 multis
852 2356 976 2387 tamen
995 2356 1082 2387 ante
1100 2353 1218 2387 futuri

1401 222 1445 246 27⁵

1403 487 1446 508 280

1405 1019 1447 1040 290

1405 1286 1449 1307 293

1405 1554 1448 1574 300

1407 1819 1449 1840 305

1406 2086 1449 2106 :510

1408 2351 1448 2371 31⁵
