1528 2569
679 91 812 122 LIBER
842 93 897 122 VI.

239 177 316 215 Vix
335 190 377 215 ea
394 178 492 215 fatus
511 183 600 225 erat,
622 182 774 225 geminae
793 193 908 226 quum
926 180 1020 215 forte
1040 180 1216 215 columbae

241 233 325 277 Ipsa
342 232 409 267 sub
428 245 490 267 ora
508 233 577 267 viri
596 235 686 268 coelo
706 232 836 269 venere
855 235 1032 276 volantes,

240 286 289 320 Et
308 286 418 320 viridi
436 286 558 320 sedere
573 287 648 320 solo
672 299 678 321 :
708 289 789 321 tum
807 288 986 321 maximus
1004 287 1108 320 heros

241 339 429 372 Maternas
448 340 609 382 agnoscit
628 352 722 382 aves,
747 340 927 384 laetusque
946 341 1132 383 precatur:

243 393 268 410 ‘⁶
285 392 371 425 Este
391 391 508 434 duces,
534 404 566 435 0,
590 392 618 425 si
642 404 715 436 qua
734 392 792 426 via
810 396 874 435 est,
900 403 1116 436 cursumque
1134 403 1199 436 per
1217 403 1321 425 auras

238 443 392 488 Dirigite
410 444 449 477 in
467 445 576 487 lucos,
601 445 665 478 ubi
682 445 854 488 pinguem
872 445 973 478 dives
992 447 1119 488 opacat

239 497 377 530 Eamus
395 497 566 532 humum:
594 500 721 541 tuque,
745 509 778 540 0,
800 497 919 531 dubiis
938 509 983 531 ne
1003 497 1114 531 defice
1133 497 1250 541 rebus,

239 549 334 584 Diva
352 550 519 593 parens.''
579 550 635 583 Sic
655 551 784 583 effatus
803 550 955 593 vestigia
974 550 1115 593 pressit,

241 602 443 636 Observans
463 614 544 646 quae
564 603 665 646 signa
683 603 812 645 ferant,
838 614 910 646 quo
928 602 1077 635 tendere
1097 605 1259 646 pergant.

239 655 432 688 Pascentes
451 656 523 688 illae
543 658 688 688 tantum
708 655 851 698 prodire
871 655 1039 697 volando,

239 707 427 748 Quantum
445 708 520 741 acie
538 711 685 751 possent
704 707 798 740 oculi
817 719 957 740 servare
977 708 1193 750 sequentum
1215 719 1222 741 ε

239 760 331 793 Inde
350 760 413 793 ubi
432 760 561 794 venere
580 760 626 793 ad
644 760 766 793 fauces
784 759 1024 803 graveolentis
1043 759 1192 801 Averni,

239 813 388 846 Tollunt
408 824 444 846 se
460 813 602 855 celeres,
624 812 877 856 liquidumque
896 824 960 856 per
979 816 1060 845 aera
1078 812 1198 855 lapsae,

241 865 395 898 Sedibus
414 866 548 909 optatis
567 865 720 909 geminae
739 877 847 909 super
866 865 991 898 arbore
1011 865 1147 908 sidunt,

239 918 404 952 Discolor
422 918 519 951 unde
539 918 617 951 auri
636 929 700 962 per
717 929 836 951 ramos
855 929 942 951 aura
961 917 1114 951 refulsit.

241 970 354 1012 Quale
374 971 465 1004 solet
484 971 596 1015 sylvis
615 971 771 1004 brumali
789 971 920 1014 frigore
938 970 1077 1003 viscum

239 1023 383 1057 Fronde
402 1024 516 1057 virere
535 1026 643 1066 nova,
665 1023 763 1067 quod
782 1035 852 1056 non
875 1034 940 1057 sua
954 1022 1108 1056 seminat
1128 1022 1244 1065 arbos,

240 1077 288 1110 Et
308 1088 430 1110 croceo
448 1077 543 1110 foetu
556 1079 690 1110 teretes
709 1076 930 1110 circumdare
948 1078 1097 1109 truncos
1117 1087 1124 1109 :

241 1129 337 1162 Talis
355 1132 432 1163 erat
451 1129 583 1173 species
602 1129 680 1163 auri
698 1129 901 1162 frondentis
921 1130 1032 1172 opaca

241 1182 328 1215 Ilice
345 1195 353 1224 ;
382 1182 431 1215 sic
450 1182 524 1215 leni
542 1182 741 1225 crepitabat
759 1182 905 1215 bractea
919 1183 1037 1215 vento.

242 1234 398 1279 Corripit
416 1235 599 1278 extemplo
620 1235 767 1277 AEneas,
790 1234 991 1278 avidusque
1011 1233 1177 1276 refringit

240 1287 495 1330 Cunctantem,
518 1290 554 1321 et
573 1288 667 1321 vatis
686 1290 806 1331 portat
826 1287 894 1320 sub
913 1289 1010 1320 tecta
1030 1286 1186 1329 Sibyllae.

294 1340 373 1374 Nec
392 1340 512 1373 minus
531 1340 670 1374 interea
690 1340 873 1373 Misenum
893 1339 931 1372 in
951 1339 1074 1372 littore
1093 1338 1221 1371 Teucri

240 1393 409 1436 Flebant,
427 1396 464 1426 et
484 1393 595 1426 cineri
612 1393 753 1436 ingrato
773 1403 939 1436 suprema
959 1392 1131 1425 ferebant.

241 1445 422 1489 Principio
442 1445 612 1489 pinguem
632 1445 737 1478 taedis
757 1448 794 1478 et
812 1445 939 1478 robore
959 1446 1056 1478 secto

241 1499 433 1542 Ingentem
452 1498 615 1532 struxere
630 1510 777 1542 pyram:
806 1497 863 1531 cui
882 1497 1073 1530 frondibus
1091 1496 1179 1529 atris

239 1551 421 1585 Intexunt
438 1551 564 1594 latera,
587 1554 624 1584 et
642 1551 769 1584 ferales
787 1553 872 1584 ante
891 1561 1076 1593 cupressos

241 1603 493 1647 Constituunt,
516 1604 760 1647 decorantque
779 1615 886 1647 super
904 1602 1130 1646 fulgentibus
1149 1600 1267 1634 armis.

241 1656 330 1690 Pars
351 1657 484 1690 calidos
503 1656 627 1690 latices
646 1659 682 1690 et
702 1661 792 1690 aena
810 1656 990 1689 undantia
1009 1654 1163 1688 flammis

240 1709 452 1753 Expediunt
470 1722 478 1751 ;
507 1721 708 1753 corpusque
727 1709 852 1742 lavant
870 1707 1036 1751 frigentis
1056 1710 1093 1740 et
1111 1708 1295 1750 unguunt.

241 1762 302 1796 Fit
322 1763 486 1806 gemitus.
547 1762 640 1795 Tum
659 1762 820 1795 membra
838 1764 918 1794 toro
938 1761 1070 1793 defleta·
1088 1761 1281 1803 reponunt,

241 1815 519 1858 Purpureasque
540 1826 647 1858 super
665 1817 794 1856 vestes,
819 1813 1000 1847 velamina.
1019 1815 1117 1854 nota,

242 1867 461 1911 Conjiciunt.
522 1867 612 1900 Pars
632 1867 772 1910 ingenti
791 1866 932 1899 subiere
950 1866 1096 1907 feretro,

242 1920 372 1965 (Triste
391 1919 632 1952 ministerium
645 1920 672 1964 1)
702 1921 738 1952 et
759 1919 960 1962 subjectam
979 1929 1077 1951 more
1096 1918 1290 1961 parentum

242 1972 370 2006 Aversi
389 1972 539 2006 tenuere
558 1973 673 2005 facem
691 1984 698 2006 t
727 1974 896 2015 congesta
917 1972 1124 2004 cremantur

241 2025 382 2059 Thurea
400 2025 508 2067 dona,
531 2025 652 2068 dapes,
674 2025 755 2058 fuso
775 2027 928 2058 crateres
947 2023 1051 2056 olivo.

242 2078 443 2122 Postquam
464 2078 612 2121 collapsi
632 2078 777 2120 cineres,
802 2079 838 2110 et
857 2077 1002 2110 flamma
1017 2073 1167 2119 quievit,

240 2131 428 2174 Reliquias
447 2131 533 2163 vino
553 2133 590 2164 et
609 2130 771 2164 bibulam
789 2129 909 2163 lavere
929 2128 1091 2162 favillam

241 2183 402 2228 Ossaque
421 2184 515 2217 lecta
535 2183 624 2217 cado
643 2183 738 2216 texit
758 2182 955 2226 Corynaeus
973 2185 1072 2214 ae'no.

240 2236 345 2270 Idem
364 2239 420 2269 ter
440 2236 553 2269 socios
572 2237 665 2280 pura
685 2235 907 2269 circumtulit
926 2234 1038 2276 unda,

241 2288 418 2332 Spargens
436 2300 516 2322 rore
534 2289 606 2322 levi
625 2291 662 2321 et
681 2300 781 2322 ramo
800 2287 914 2321 felicis
933 2287 1038 2320 olivae
1056 2298 1063 2321 :

239 2340 498 2385 Lustravitque
515 2341 623 2384 viros,
645 2341 813 2385 dixitque
831 2340 1026 2374 novissima
1044 2337 1163 2373 verba.

1408 179 1413 197 1
1420 181 1446 199 §w

1405 441 1441 461 1951

1403 704 1443 723 200

1403 966 1443 985 ¹:05

1405 1229 1444 1249 210

1406 1491 1446 1512 215

1410 2280 1451 2301 23⁰
