1528 2569
677 131 810 158 LIBER
839 129 894 156 1v.

225 219 284 252 Ire
303 218 383 261 iter,
405 219 470 251 aut
489 217 615 250 castris
634 217 782 251 audebit
802 217 934 250 vellere
954 215 1064 259 signa.

230 272 396 305 Invitent
415 271 546 304 croceis
564 270 731 304 halantes
750 270 898 303 floribus
916 269 1014 302 horti
1030 282 1038 309 3

224 325 274 359 Et
293 326 413 358 custos
431 324 555 357 furum
574 326 684 367 atque
703 324 838 365 avium,
862 334 943 356 cum
963 322 1053 355 falce
1073 321 1225 365 saligna,

226 377 516 421 Hellespontiaci
534 379 654 410 servet
672 376 789 409 tutela
808 375 938 419 Priapi.

226 431 323 475 Ipse,
343 431 513 474 thymum
532 430 708 473 pinosque
727 429 846 462 ferens
866 429 911 461 de
930 427 1116 461 montibus
1136 427 1231 470 altis,

225 484 336 517 Tecta
355 485 449 517 serat
467 483 541 516 late
561 483 706 525 circum,
730 483 788 516 cui
806 481 895 515 talia
915 492 1010 514 curae
1027 493 1035 522 ;

226 537 310 580 Ipse
328 537 450 570 labore
469 547 618 569 manum
638 536 729 569 duro
747 537 843 568 terat
862 548 869 576 ;
897 534 972 577 ipse
990 534 1125 567 feraces

225 590 333 633 Figat
351 590 463 622 humo
481 589 635 632 plantaS,
658 591 695 621 et
714 588 846 622 amicos
864 587 988 630 irriget
1007 586 1149 619 imbres,

279 643 404 686 Atque
423 641 604 685 equidem,
628 644 790 674 extremo
808 641 848 673 ni
863 640 940 683 jam
960 640 1028 672 sub
1047 640 1118 672 fine
1138 638 1300 672 laborum

226 695 321 728 Vela
339 695 493 737 traham,
516 697 553 727 et
566 693 677 729 'terris
695 693 864 726 festinem
884 692 1071 726 advertere
1090 703 1248 735 proram,

228 748 398 782 Forsitan
418 750 455 780 et
473 747 625 790 pingues
643 747 767 779 hortos
787 757 869 789 quae
888 756 974 778 cura
993 743 1134 778 colendi

228 801 395 843 Ornaret,
417 811 594 842 canerem,
616 799 794 842 biferique
813 797 948 832 rosaria
966 797 1079 831 Paesti
1095 810 1104 839 3

228 854 380 898 Quoque
399 853 507 887 modo
526 852 622 896 potis
640 852 844 896 gauderent
861 851 991 894 intyba
1009 850 1108 893 rivis,

227 907 276 941 Et
295 906 429 940 virides
448 906 529 949 apio
547 906 648 949 ripae,
670 907 862 948 tortusque
881 915 946 948 per
964 903 1114 937 herbam

229 960 410 994 Cresceret
429 959 468 992 in
486 961 652 992 ventrem
671 958 831 992 cucumis
849 969 856 992 :
884 968 951 990 nec
970 968 1049 990 sera
1067 958 1271 990 comantem

227 1013 451 1055 Narcissum,
474 1014 538 1046 aut
557 1012 642 1045 flexi
659 1011 852 1044 tacuissem
871 1010 994 1043 vimen
1013 1009 1171 1051 acanthi,

227 1066 484 1109 Pallentesque
503 1065 666 1108 hederas,
689 1067 725 1098 et
744 1066 907 1097 amantes
925 1063 1051 1096 littora
1069 1065 1219 1106 myrtos.

229 1119 401 1163 Namque
419 1118 487 1152 sub
507 1118 660 1151 OEbaliae
678 1117 829 1150 memini
847 1128 905 1149 me
924 1116 1088 1149 turribus
1107 1116 1203 1159 altis,

230 1172 310 1213 Qua
327 1172 430 1216 niger
446 1172 634 1205 humectat
652 1170 825 1204 flaventia
844 1170 942 1203 culta
962 1169 1138 1212 Galaesus,

230 1225 424 1269 Corycium
442 1225 575 1258 Vidisse
595 1235 718 1257 senem
736 1236 742 1258 :
773 1223 831 1256 cui
850 1234 965 1266 pauca
983 1221 1102 1255 relicti

231 1279 257 1312 J
260 1290 369 1322 ugera
387 1277 480 1311 ruris
500 1279 603 1310 erant
621 1290 629 1318 ;
657 1288 724 1310 nec
742 1276 873 1309 fertilis
892 1275 955 1308 illa
969 1275 1150 1319 juvencis,

231 1331 311 1365 Nec
330 1331 450 1375 pecori
468 1333 673 1374 opportuna
691 1341 802 1373 seges,
824 1341 890 1362 nec
910 1328 1098 1362 commoda
1117 1327 1269 1361 Baccho.

231 1384 304 1418 Hic
322 1395 445 1418 rarum
462 1386 588 1416 tamen
606 1383 645 1415 in
664 1382 785 1415 dumis
805 1382 895 1424 olus,
917 1381 1070 1424 albaque
1091 1381 1226 1414 circum

232 1437 325 1470 Lilia
343 1437 591 1480 verbenasque
610 1447 788 1479 premenS,
811 1445 1029 1477 vescumque
1050 1445 1219 1477 papaver,

231 1490 374 1534 Regum
394 1489 564 1534 aequabat
583 1500 668 1532 opes
687 1488 817 1522 animis
835 1501 843 1529 3
872 1489 1024 1531 seraque
1042 1490 1228 1520 revertens

232 1543 352 1577 Nocte
371 1543 533 1585 domum,
555 1542 709 1586 dapibus
727 1553 870 1575 mensas
890 1540 1062 1574 onerabat
1081 1540 1237 1573 inemtiS.

231 1597 378 1630 Primus
395 1608 478 1629 vere
496 1607 627 1638 rosam,
649 1598 759 1638 atque
779 1597 977 1628 auctumno
997 1605 1140 1637 carpere
1160 1604 1268 1637 poma
1283 1604 1292 1633 3

231 1650 281 1684 Et
301 1661 414 1694 quum
432 1649 549 1682 tristis
566 1649 682 1682 hiems
701 1648 810 1681 etiam
830 1659 928 1680 nunc
946 1647 1078 1690 frigore
1098 1658 1185 1680 saxa

232 1703 446 1747 Rumperet,
469 1705 505 1735 et
524 1702 635 1745 glacie
655 1713 780 1735 cursus
798 1701 969 1734 fraenaret
988 1711 1178 1743 aquarum,

232 1756 301 1790 Ille
320 1767 459 1790 comam
477 1755 597 1788 mollis
611 1755 689 1799 jam
707 1753 883 1787 tondebat
902 1753 1103 1797 hyacinthi,

233 1810 418 1843 AEstatem
436 1808 656 1852 increpitans
675 1819 803 1850 seram,
826 1806 1084 1850 Zephyrosque
1103 1807 1297 1839 morantes.

232 1862 329 1906 Ergo
348 1862 476 1906 apibus
494 1861 594 1895 foetis
612 1861 709 1894 idem
728 1863 839 1904 atque
858 1859 1024 1892 examine
1044 1859 1162 1892 multo

233 1915 379 1948 Primus
398 1914 594 1957 abundare,
617 1917 653 1947 et
673 1913 880 1957 spumantia
899 1924 1025 1956 cogere
1043 1912 1175 1956 pressis

233 1967 349 2002 Mella
366 1968 459 2001 favis
477 1980 484 2002 t
512 1967 567 2000 illi
585 1967 686 2010 tiliae,
709 1969 819 2010 atque
839 1966 1021 1999 uberrima
1040 1965 1148 2009 pinus
1166 1977 1173 1999 :

234 2020 406 2065 Quotque
425 2020 463 2053 in
481 2020 569 2053 flore
587 2031 683 2053 novo
701 2019 817 2063 pomis
837 2031 874 2053 se
893 2018 1023 2052 fertilis
1044 2019 1149 2051 arbos

233 2074 424 2116 Induerat,
446 2073 603 2106 totidem
621 2075 819 2106 auctumno
838 2074 982 2105 matura
1000 2071 1159 2104 tenebat.

232 2127 301 2160 Ille
321 2127 432 2160 etiam
451 2137 546 2159 seras
565 2126 604 2158 in
622 2137 768 2158 versum
788 2125 933 2158 distulit
952 2125 1084 2167 ulmos,

232 2180 467 2223 Eduramque
486 2179 618 2222 pirum,
640 2181 677 2212 et
697 2178 818 2221 spinos
833 2178 911 2222 jam
930 2188 1049 2221 pruna
1067 2177 1234 2218 ferentes,

231 2233 391 2276 Jamque
409 2232 680 2265 ministrantem
698 2231 887 2275 platanum
906 2230 1119 2274 potantibus
1137 2231 1293 2263 umbras

232 2285 374 2319 Verum
392 2285 470 2319 haec
488 2285 563 2328 ipse
583 2284 764 2328 equidem,
787 2283 912 2328 spatiis
931 2283 1099 2317 exclusus
1117 2282 1265 2326 iniquis,

234 2338 428 2382 Praetereo,
449 2340 561 2382 atque
580 2337 659 2371 aliis
678 2339 760 2381 post
780 2336 1094 2371 commemoranda
1113 2336 1292 2379 relinquo.

286 2391 324 2425 N
325 2402 398 2425 unc
417 2403 493 2436 age,
515 2393 665 2425 naturas
683 2390 811 2435 apibus
830 2401 920 2435 quas
938 2389 964 2424 J
966 2390 1086 2434 upiter
1104 2389 1180 2434 ipse

829 2493 836 2506 ό

1381 116 1431 153 65

1396 317 1435 337 no

1397 580 1436 601 115

1400 845 1438 865 120

1401 1110 1439 1131 125

1400 1375 1440 1395 130

1401 1642 1440 1662 1³³

1404 1899 1442 1921 1⁰

1405 2172 1443 2192 146
