1528 2569
624 111 759 140 mmm
789 110 866 139 ΧΠ.
1329 101 1410 138 219

201 199 236 234 N
242 211 289 235 on
308 198 462 234 Teucros
481 202 564 244 agat
582 199 621 233 in
640 200 820 241 Rut1110s3
849 197 1027 232 Teucrum
1045 208 1147 231 arma
1165 196 1367 241 quiescant,

201 253 252 287 Et
269 253 473 294 Rutulnm3
501 255 626 286 nostro
645 252 856 286 dirimamus
876 251 1049 295 sanguine
1068 250 1225 285 bellum:

202 305 273 338 Illo
292 307 478 349 quaeratur
496 304 630 349 conjux
650 305 802 338 Lavin³a
821 301 987 347 campo.'’

202 357 296 391 Haec
313 357 378 391 ubi
396 357 494 391 dicta
513 357 628 400 dedit,
649 357 869 400 rapidusque
888 356 927 389 in
946 357 1043 389 tecta
1060 354 1220 398 recessit,

202 409 326 444 Poscit
345 420 468 453 equos,
490 410 698 453 gaudetque
716 412 825 442 tuens
843 411 929 442 ante
949 419 1011 442 ora
1028 408 1236 450 frementes,

203 462 376 496 Pilumno
396 473 486 506 quos
504 463 582 505 ipsa
601 462 709 495 decus
729 461 830 495 dedit
850 461 1039 504 Orithyia3

203 514 276 556 Qui
294 514 448 548 candore
466 514 568 548 nives
582 514 775 557 anteirent,
798 514 960 548 cursibus
978 524 1092 547 auras.

203 567 447 601 Circumstant
465 567 608 611 properi
625 568 771 610 aurigae,
793 566 1033 610 manibusque
1050 566 1232 600 lacessunt
1384 562 1413 583 ⁸⁵

204 620 357 654 Pectora
375 620 501 663 plausa
521 620 627 662 cavis,
646 623 682 653 et
698 620 788 654 cella
807 619 987 652 comantia
1005 621 1167 662 pectunt.

203 673 286 716 Ipse
305 672 437 706 dehinc
455 684 541 706 auro
561 673 788 716 squalentem
807 672 960 715 alboque
980 671 1156 704 orichalco

203 725 412 759 Circumdat
431 724 577 758 loricam
597 725 768 767 humeris,
787 724 895 757 simul
913 726 1015 768 aptat
1032 723 1200 757 habendo

203 777 422 820 Ensemque,
445 777 696 821 clypeumque,
719 779 756 810 et
774 777 893 810 rubrae
913 788 1046 810 cornua
1066 776 1184 809 cristae
1204 787 1212 810 z

202 830 349 873 Ensem,
371 841 480 874 quem
498 830 629 863 Dauno
648 829 853 873 ignipotens
872 829 971 862 Deus
989 829 1065 872 ipse
1083 827 1226 872 parenti
1386 825 1415 846 ⁹⁰

203 883 365 925 Fecerat,
387 885 424 915 et
445 882 572 926 Stygia
592 882 807 916 candentem
826 882 988 915 tinxerat
1006 881 1116 915 unda.

203 935 312 978 Exin,
335 946 417 979 quae
436 935 476 968 in
494 935 622 968 mediis
641 935 783 979 ingenti
802 935 938 968 adnixa
957 934 1135 968 columnae

204 988 363 1021 AEdibus
382 988 538 1030 astabat,
560 988 719 1021 validam
738 988 776 1021 vi
795 988 942 1031 corripit
961 987 1116 1030 hastam,

204 1041 348 1075 Actoris
367 1040 532 1074 Aurunci
552 1041 706 1084 spolium
727 1054 735 1081 ;
765 1043 984 1084 quassatque
1002 1042 1230 1082 trementem,

204 1093 417 1127 Vociferans
435 1106 441 1127 :
465 1093 621 1136 “Nunc,
645 1105 665 1126 o
684 1105 873 1137 nunquam
892 1093 1067 1126 frustrata
1086 1095 1235 1126 vocatus
1386 1089 1413 1109 ⁹⁵

204 1146 324 1180 Hasta
342 1157 449 1188 meos,
472 1157 571 1179 nunc
589 1148 733 1189 tempus
752 1146 855 1179 adest
873 1159 879 1180 :
909 1149 946 1179 te
964 1145 1145 1178 maximus
1165 1145 1290 1187 Actor,

204 1199 254 1232 Te
274 1199 386 1232 Turni
405 1210 503 1232 nunc
523 1198 651 1232 dextra
669 1199 762 1242 gerit
784 1211 790 1232 :
819 1198 866 1232 da
885 1201 1044 1232 sternere
1064 1209 1206 1242 corpus,

203 1251 440 1295 Loricamque
460 1262 572 1284 manu
590 1251 712 1285 valida
731 1251 886 1285 lacerare
904 1251 1084 1284 revulsam

204 1304 373 1338 Semiviri
391 1303 558 1347 Phrygis,
581 1307 618 1337 et
636 1304 774 1337 foedare
793 1304 831 1337 in
850 1304 998 1348 pulvere
1018 1303 1144 1346 crines,

204 1356 377 1390 Vibratos
396 1356 512 1390 calido
531 1357 639 1400 ferro,
656 1357 876 1400 myrrhaque
896 1355 1121 1390 madentes.’'
1375 1352 1414 1372 ¹⁰⁰

204 1409 276 1443 His
294 1409 414 1453 agitur
431 1409 534 1442 furiis
551 1422 559 1450 ;
587 1411 740 1453 totoque
760 1409 921 1443 ardentis
940 1409 985 1443 ab
1005 1420 1066 1442 ore

205 1461 380 1496 Scintillae
399 1461 582 1495 absistunt
598 1474 607 1503 3
635 1462 748 1495 oculis
766 1462 876 1496 micat
895 1462 1035 1496 acribus
1054 1459 1149 1505 ignis
1168 1473 1176 1495 :

204 1514 373 1558 Mugitus
391 1514 508 1548 veluti
526 1526 638 1558 quum
659 1515 775 1558 prima
792 1515 831 1548 111
850 1515 973 1558 praelia
991 1517 1120 1548 taurus

205 1567 391 1601 Terrificos
409 1567 491 1609 ciet,
513 1570 624 1611 atque
642 1567 747 1601 irasc-i
765 1568 804 1601 in
823 1579 956 1601 cornua
973 1569 1107 1609 tentat,

205 1619 356 1653 Arboris
375 1619 530 1653 obnixus
548 1623 690 1663 trunco,
712 1624 914 1664 ventosque
931 1620 1075 1654 lacessit
1376 1614 1415 1635 ¹⁰⁵

206 1672 358 1716 Ictibus,
380 1674 416 1705 et
435 1675 557 1716 sparsa
575 1673 622 1706 acl
640 1685 800 1717 pugnam
819 1673 982 1717 proludit
1001 1674 1121 1706 arena.

259 1725 297 1758 N
300 1736 339 1758 ec
357 1725 477 1758 miuus
495 1725 646 1768 interea,
668 1729 744 1759 mat
759 1726 841 1759 ›rnis
860 1737 976 1759 saevus
994 1725 1033 1758 in
1052 1723 1173 1767 armis,

207 1778 345 1811 AEneas
364 1778 461 1811 acuit
481 1778 653 1821 Martem,
676 1781 713 1811 et
732 1790 768 1812 se
788 1779 939 1812 suscitat
958 1779 1019 1812 ira.

207 1830 339 1864 Oblato
358 1830 519 1874 gaudens
539 1831 705 1874 componi
722 1831 859 1865 foedere
877 1831 1024 1864 bellum.

207 1883 301 1917 Tum
320 1883 433 1916 socios
452 1883 645 1927 moestique
664 1886 803 1917 metum
823 1884 960 1917 solatur
978 1882 1062 1926 Iffli,
1378 1877 1418 1899 ¹¹⁰

207 1936 300 1970 Fata
319 1935 450 1969 docens
467 1948 476 1977 ;
503 1937 650 1980 regique
665 1936 773 1980 jubet
791 1948 961 1980 responsa
980 1935 1112 1970 Latino

207 1989 315 2023 Certa
332 1988 465 2022 referre
484 1989 591 2031 viros,
614 1992 651 2022 et
669 1989 767 2033 pacis
786 1989 903 2023 dicere
922 1989 1026 2033 leges

260 2041 412 2074 Postera
429 2041 493 2074 vix
512 2053 671 2075 summos
691 2042 880 2086 spargebat
898 2042 1036 2075 lumine
1055 2043 1198 2074 montes

209 2093 300 2128 Orta
318 2093 407 2136 dies,
430 2105 545 2137 quum
563 2095 720 2138 primum
740 2095 815 2128 alto
834 2107 870 2128 se
889 2094 1031 2138 gurgite
1048 2094 1187 2128 tollunt

209 2147 302 2180 Solis
323 2146 419 2190 equi,
441 2146 631 2191 lucemque
650 2147 754 2181 elatis
772 2148 920 2181 naribus
938 2148 1061 2181 efflant
1080 2160 1086 2181 :

210 2199 388 2243 Campum
407 2198 454 2232 ad
474 2203 668 2243 certamen,
690 2212 830 2244 magnae
850 2200 917 2233 sub
937 2200 1118 2234 moenibus
1136 2197 1251 2241 urbis,

210 2251 375 2285 Dimensi
393 2251 599 2296 Rutulique
618 2252 687 2286 viri
707 2253 907 2297 Teucrique
926 2253 1112 2296 parabant,

211 2304 257 2337 In
276 2303 469 2348 medioque
488 2305 598 2348 focos,
621 2309 658 2339 et
677 2306 743 2339 Dis
763 2306 1016 2339 communibus
1035 2317 1114 2339 aras

213 2356 426 2390 Gramineas
445 2370 452 2397 ;
481 2358 542 2391 alii
560 2358 772 2402 fontemque
791 2359 984 2403 ignemque
1003 2358 1169 2392 ferebant

1383 300 1412 319 80

1382 2132 1419 2153 115

1238 2406 1294 2437 22
