1528 2569
705 77 839 105 LIBER
868 78 929 105 IX.
1399 72 1479 111 157

268 163 357 197 Non
376 162 486 197 armis
503 162 595 196 mihi
614 163 785 207 Vulcani,
807 175 881 197 non
900 163 1000 197 mille
1019 163 1149 199 carinis

267 215 335 250 Est
353 227 444 260 opus
461 216 501 249 in
520 216 677 250 Teucros
695 228 702 250 :
730 217 869 250 addant
888 228 926 250 se
944 216 1111 261 protinus
1129 229 1255 252 omnes

267 268 413 302 Etrusci
432 268 546 303 socios
563 282 571 310 ;
598 269 766 303 tenebras
785 272 822 304 et
840 270 972 303 inertia
990 270 1091 304 furta
1440 272 1480 293 ¹⁵⁰

266 321 436 365 Palladii,
458 321 559 355 caesis
578 333 730 356 summae
750 322 963 356 custodibus
981 323 1083 366 arcis,

265 374 304 408 N
306 385 325 407 e
343 375 499 408 timeant
518 387 527 416 ;
554 385 621 408 nec
639 375 725 419 equi
743 377 839 408 caeca
857 375 1056 409 condemur
1072 376 1111 410 in
1130 375 1213 410 alvo
1229 388 1238 412 τ

266 426 364 461 Luce
383 427 503 471 palam
522 430 663 461 certum
681 430 737 461 est
754 427 832 472 igni
850 427 1071 462 circumdare
1090 440 1222 464 muros.

265 479 380 514 Haud
399 480 469 513 sibi
487 491 571 514 cum
590 480 728 514 Danais
746 492 822 514 rem
840 481 926 514 faxo
945 483 982 514 et
1000 481 1097 526 pube
1116 482 1271 526 Pelasga⁸

264 532 352 566 Esse
370 535 514 577 putent,
535 533 717 567 decimum
736 545 828 578 quos
845 533 992 568 distulit
1010 534 1150 568 Hector
1167 535 1207 569 iu
1225 547 1372 571 annum.

264 585 376 620 Nunc
394 585 485 620 adeo
503 586 631 620 melior
649 587 822 630 quoniam
840 598 923 630 pars
942 589 1024 620 acta
1042 587 1127 631 diei,

265 637 372 679 Quod
391 641 564 683 superest,
589 639 666 673 laeti
683 639 775 672 bene
794 640 904 683 gestis
923 651 1072 684 corpora
1089 640 1199 674 rebus

263 690 474 734 Procurate,
495 692 565 725 viri
582 704 590 733 ;
618 694 656 725 et
674 703 834 736 pugnam
853 695 995 735 sperate
1013 693 1170 736 parati.”

263 743 410 778 Interea
429 744 582 788 vigilum
601 743 766 778 excubiis
785 744 950 778 obsidere
968 748 1092 788 portas

265 796 360 830 Cura
378 797 488 830 datur
507 797 689 841 Messapo,
711 800 749 831 et
767 797 903 831 moenia
921 797 1064 841 cingere
1082 798 1248 833 flammis.

263 849 327 883 Bis
346 852 496 893 septem,
519 849 661 884 Rutulo
680 861 803 884 muros
823 850 888 894 qui
906 850 1023 884 mihte
1043 854 1202 895 servent,

261 903 405 936 Delecti
422 915 428 937 :
457 906 514 936 ast
532 902 614 936 illos
633 903 778 936 centeni
796 915 978 947 quemque
997 907 1202 948 sequuntur

261 955 443 1000 Purpurei
461 956 579 989 cristis
593 955 749 1000 juvenes
767 967 928 1000 auroque
948 956 1095 990 corusci.

261 1008 495 1052 Discurrunt,
518 1009 735 1052 variantque
754 1009 862 1052 vices,
885 1009 1030 1053 fusique
1049 1021 1114 1053 per
1132 1009 1284 1045 herbam

262 1061 462 1105 Indulgent
482 1062 580 1105 vino,
603 1064 640 1095 et
659 1064 809 1095 vertunt
829 1064 986 1095 crateras
1005 1066 1123 1096 aenos.

263 1106 452 1148 Collucent
470 1115 573 1158 ignes
594 1127 600 1149 :
629 1118 775 1148 noctem
795 1115 961 1148 custodia
980 1115 1083 1148 ducit

261 1167 473 1201 Insomnem
491 1167 588 1202 ludo.

315 1220 407 1255 Haec
426 1232 534 1265 super
552 1233 571 1254 e
590 1221 687 1254 vallo
705 1223 937 1265 prospectant
956 1221 1065 1255 Troes
1085 1224 1122 1255 et
1141 1222 1251 1257 armis

262 1274 351 1307 Alta
369 1277 498 1307 tenent
517 1286 524 1308 ε
553 1285 695 1308 necnon
713 1274 850 1318 trepidi
869 1274 1063 1308 formidine
1082 1278 1206 1319 portas

1435 798 1476 818 160

1435 1063 1473 1084 165

261 1326 476 1370 Explorant,
498 1330 701 1371 pontesque
720 1329 757 1359 et
775 1327 1046 1371 propugnacula
1059 1327 1225 1372 jungunt
1242 1341 1250 1370 ;
1435 1327 1475 1350 ¹5⁰

261 1380 348 1413 Tela
364 1382 498 1423 gerunt
516 1392 522 1413 :
551 1380 691 1413 instant
710 1379 927 1413 Mnestheus
946 1391 1099 1424 acerque
1119 1381 1286 1415 Serestus
1302 1395 1312 1424 ;

261 1431 360 1474 Quos
377 1435 482 1476 pater
499 1432 649 1476 AEneas,
677 1432 708 1466 si
726 1432 873 1476 quando
892 1432 1044 1467 adversa
1065 1437 1245 1477 vocarent,

259 1485 434 1519 Rectores
448 1485 630 1530 juvenum
648 1488 685 1519 et
703 1497 826 1519 rerum
844 1485 946 1520 dedit
966 1497 1042 1520 esse
1060 1487 1262 1531 magistros.

261 1539 388 1573 Omnis
406 1550 470 1583 per
487 1550 611 1573 11111103
629 1538 734 1598 legio,
757 1539 887 1573 sortita
903 1539 1091 1598 periclum,

1434 1592 1473 1615 155

260 1591 441 1635 Excubat,
462 1594 677 1636 exercetque
695 1592 804 1635 vices,
826 1591 925 1636 quod.
945 1592 1075 1636 cuique
1093 1593 1295 1627 tenendum
1315 1597 1381 1629 est.

312 1644 427 1679 Nisus
446 1648 523 1678 erat
542 1648 658 1688 portae
678 1648 812 1688 custos,
834 1645 1030 1679 acen'inius
1050 1646 1171 1689 armis,

259 1697 506 1742 Hyrtacides;
535 1698 705 1731 comitem
724 1697 854 1731 AEneae
874 1710 984 1742 quem
1002 1698 1149 1732 miserat
1169 1698 1238 1733 Ida

258 1750 453 1794 Venatn'x,
471 1750 594 1794 jaculo
614 1751 766 1784 celerem
784 1750 999 1795 levibusque
1019 1752 1162 1795 sagittis
1179 1765 1186 1786 :

258 1803 307 1837 Et
322 1804 432 1848 juxta
451 1814 570 1837 comes
589 1803 782 1847 Euryalus,
805 1815 879 1847 quo
897 1804 1082 1847 pulchrior
1100 1805 1194 1838 alter

258 1856 346 1890 Non
364 1856 436 1889 suit
456 1856 680 1900 AEneadum,
702 1856 859 1900 Trojana
878 1867 997 1900 neque
1016 1857 1139 1891 induit
1158 1869 1258 1891 arma
1273 1870 1285 1900 ς,
1432 1857 1473 1878 ³⁸⁰

257 1909 330 1943 Ora
348 1920 438 1953 puer
455 1909 574 1953 prima
593 1909 739 1953 signans
757 1909 904 1943 intonsa
918 1909 1085 1953 juventa.

257 1962 330 1996 His
347 1973 449 1995 amor
467 1973 562 1995 unus
581 1965 670 2005 erat,
692 1962 900 2006 pariterque
919 1963 957 1995 in
975 1962 1073 1997 bella
1091 1963 1248 1997 ruebant
1263 1978 1274 2007 3

255 2014 357 2049 Tunc
376 2026 522 2059 quoque
542 2016 727 2049 communi
744 2018 888 2059 portam
907 2016 1063 2049 statione
1082 2016 1267 2051 tenebant.

255 2067 370 2102 Nisus
389 2068 441 2101 ait
459 2080 466 2102 :
499 2069 524 2086 “
538 2067 634 2101 Dine
652 2068 750 2102 hunc
768 2068 934 2102 ardorem
953 2069 1138 2103 mentibus
1156 2069 1314 2114 addunt,

255 2121 440 2165 Euryale?
467 2133 513 2155 an
533 2132 598 2154 sua
617 2121 747 2165 cuique
766 2121 866 2155 Deus
885 2121 927 2154 fit
946 2121 1026 2155 dira
1044 2122 1174 2165 cupido
1190 2123 1202 2156 ’ἰ
1430 2121 1468 2142 ¹³⁵

253 2174 332 2208 Aut
351 2185 523 2218 pugnam,
546 2177 611 2208 aut
630 2175 768 2218 aliquid
783 2174 1005 2218 jamdudum
1024 2174 1196 2208 invadere
1215 2187 1389 2220 magnum

254 2226 364 2260 Mens
382 2227 496 2271 agitat
515 2227 606 2260 mihi
623 2240 630 2268 3
659 2238 726 2260 nec
744 2227 888 2271 placida
907 2230 1079 2261 contenta
1098 2227 1221 2271 quiete
1240 2231 1304 2264 est.

254 2279 391 2323 Cernis,
414 2291 496 2324 quae
515 2280 676 2314 Rutulos
694 2280 828 2314 habeat
846 2280 979 2314 fiducia
996 2292 1119 2314 rerum
1136 2294 1144 2322 ;

254 2331 411 2367 Lumina
428 2344 509 2367 rara
526 2332 664 2367 micant
681 2346 691 2375 3
719 2344 846 2368 somno
866 2333 1024 2377 vinoque
1043 2333 1155 2368 soluti
