1528 2569
626 75 761 103 Lmnn
789 76 846 104 1v.
1343 70 1394 107 05

161 201 165 205 ¹
186 163 328 208 (Testor
344 165 543 208 utrumque
563 164 686 208 caput)
707 164 838 197 celeres
856 163 1031 197 mandata
1048 174 1112 207 per
1129 174 1236 198 auras

185 217 340 251 Detulit.
401 216 485 261 Ipse
503 217 625 250 Deum
643 217 838 250 manifesto
857 217 893 250 in
914 216 1052 250 lumine
1071 216 1148 250 vidi

186 269 393 303 Intra-ntem
413 280 550 312 murOS,
571 281 770 314 vocemque
784 270 840 303 his
859 269 1008 303 auribus
1026 269 1139 304 hausi.

184 322 332 364 Desine,
354 334 485 367 meque
504 323 578 356 tuis
596 323 801 366 incendere,
824 326 934 367 teque
954 322 1112 367 querelis
1130 335 1136 358 :

183 375 330 410 Italiam
348 387 423 410 non
444 378 572 420 sponte
591 387 730 420 sequor.
738 376 758 392 ⁷'

236 429 337 462 Talia
356 429 538 462 dicentem
552 429 771 473 jamdudum
792 440 917 463 aversa
936 431 1072 472 tuetur,

183 481 270 515 Huc
289 482 376 515 illuc
395 482 545 516 volvens
564 482 700 525 oculos,
718 485 912 526 totumque
932 484 1092 525 pererrat

182 534 400 568 Luminibus
417 535 552 578 tacitis,
573 538 611 568 et
631 535 681 568 sic
700 546 848 568 accensa
866 535 1032 579 profatur
1050 548 1056 569 :

187 589 210 606 “
226 588 264 621 N
267 599 306 621 ec
324 588 393 621 tibi
411 588 506 622 Diva
523 599 666 632 parem,
687 588 828 632 generis
847 599 914 621 nec
933 588 1126 622 Dardanus
1146 590 1284 631 auctor,

183 640 326 674 Perfide
344 654 352 682 ;
381 641 445 674 sed
464 641 565 674 duris
584 641 710 684 genuit
730 644 767 674 te
787 640 954 674 cautibus
972 641 1123 674 horrens

183 693 376 736 Caucasus,
398 694 656 737 Hyrcanaeque
675 693 871 727 admorunt
890 693 1002 727 ubera
1015 693 1136 737 tigres.

181 746 281 781 Nam
300 746 389 791 quid.
408 746 623 780 dissimulo?
650 749 715 779 aut
734 757 816 790 quae
836 757 893 779 me
912 746 958 779 ad
977 746 1117 790 majora
1134 757 1277 779 reservo
1293 746 1305 780 ’ἒ

182 800 285 833 Num
304 800 392 833 fietu
411 799 590 843 ingemuit
608 799 760 833 nostro?
787 810 876 832 num
895 799 1035 833 lumina
1055 799 1183 832 flexit?

182 853 285 887 Num
298 853 476 897 lacrymas
488 852 607 886 victus
622 852 746 886 dedit?
773 855 837 886 aut
852 852 1044 885 miseratus
1059 855 1244 885 amantem
1259 852 1335 886 est?
1353 849 1395 872 ³7⁰

183 905 274 947 Quae
293 906 426 950 quibus
446 906 647 939 anteferam
663 905 675 939 2
698 905 776 949 jam
791 905 868 949 jam
888 917 955 938 nec
974 906 1133 938 maxima
1151 905 1177 938 J
1179 916 1253 938 uno

183 959 263 993 Nec
283 959 476 993 Saturnius
495 959 573 992 haec
593 958 705 992 oculis
724 961 827 1002 pater
846 958 974 1002 aspicit
993 959 1116 1002 aequis.

182 1012 377 1057 Nusquam
394 1015 479 1046 tuta
496 1012 595 1045 fides.
656 1011 826 1056 Ejectum
844 1011 980 1055 littore,
1002 1014 1172 1055 egentem

183 1066 333 1110 Excepi,
356 1067 393 1099 et
411 1065 513 1109 regni
533 1065 682 1098 demens
696 1065 736 1098 111
755 1067 858 1109 parte
877 1065 995 1098 locavi
1012 1078 1021 1106 ;

184 1119 365 1153 Amissam
384 1119 545 1161 classem,
564 1118 677 1151 socios
691 1130 713 1151 a
731 1121 848 1151 morte
867 1117 1008 1151 reduxi.

184 1173 271 1206 Heu
287 1173 294 1206 !
324 1171 444 1205 Furiis
462 1171 610 1205 incensa
628 1171 733 1205 feror.
794 1171 833 1204 N
835 1182 906 1204 unc
925 1182 1042 1214 augur
1059 1170 1207 1214 Apollo,

184 1225 223 1259 N
224 1237 296 1259 unc
314 1225 435 1269 Lyciae
455 1227 581 1268 sortes,
604 1235 703 1258 nunc
722 1226 758 1257 et
778 1223 874 1258 Jove
893 1224 1024 1257 missus
1043 1224 1088 1257 ab
1103 1224 1181 1267 ipso

185 1279 369 1323 Iuterpres
388 1278 526 1312 Divum
544 1278 616 1311 fert
634 1277 781 1311 horrida
796 1277 899 1321 jussa
916 1289 980 1321 per
998 1288 1103 1310 auras
1121 1289 1128 1310 :

185 1332 329 1366 Scilicet
343 1332 373 1365 is
394 1331 540 1375 Superis
557 1331 660 1364 labor
679 1333 744 1373 est,
767 1342 809 1364 ea
828 1342 914 1364 cura
934 1330 1076 1374 quietos

184 1385 371 1420 Sollicitat.
432 1385 564 1428 Neque
583 1386 621 1417 te
639 1386 760 1426 teneo,
782 1395 901 1427 neque
922 1383 1021 1417 dicta
1039 1382 1174 1416 refello.

184 1438 216 1482 I,
238 1450 386 1483 sequere
407 1438 553 1471 Italiam
571 1437 692 1471 ventis
709 1450 717 1478 ;
744 1439 828 1480 pete
847 1448 958 1480 regna
976 1447 1040 1480 per
1058 1436 1185 1469 undas

184 1492 294 1536 Spero
313 1491 482 1536 equidem
501 1490 642 1533 mediis,
665 1490 695 1523 si
714 1490 802 1534 quid
821 1489 881 1534 pia
899 1489 1052 1523 numina
1070 1491 1234 1533 possunt,

183 1545 366 1589 Supplicia
385 1545 584 1578 hausurum
604 1543 771 1587 scopulis,
794 1546 831 1576 et
850 1543 997 1576 nomine
1016 1542 1113 1576 Dido

183 1599 286 1643 Saepe
304 1601 528 1631 vocaturum.
589 1597 728 1641 Sequar
747 1596 834 1629 atris
853 1596 998 1640 ignibus
1017 1595 1145 1629 absens
1162 1608 1171 1637 ;

182 1651 241 1694 Et,
266 1663 381 1696 quum
398 1651 531 1694 frigida
548 1661 646 1684 mors
664 1649 786 1683 anima
805 1649 990 1683 seduxerit
1008 1651 1119 1691 artus,

185 1705 362 1738 Omnibus
382 1705 511 1738 umbra
529 1704 616 1737 locis
635 1703 744 1736 adero
763 1716 769 1737 :
799 1703 912 1745 dabis,
936 1702 1111 1746 improbe,
1133 1713 1186 1745 po,
1195 1713 1260 1735 nas
1279 1714 1285 1735 2

185 1757 357 1800 Audiam,
380 1760 417 1791 et
436 1757 514 1791 liaec
533 1768 659 1790 manes
677 1757 801 1790 veniet
820 1756 911 1789 mihi
930 1756 1027 1788 fama
1046 1755 1113 1788 sub
1132 1754 1262 1788 imos,''

185 1810 256 1844 His
274 1810 438 1844 medium
457 1810 564 1843 dictis
584 1820 786 1842 sermonem
805 1809 1002 1853 abrumpit,
1025 1810 1061 1841 et
1081 1819 1187 1841 auras

186 1864 303 1907 AEgra
321 1863 430 1907 fugit,
454 1874 563 1907 seque
583 1874 628 1896 ex
647 1862 760 1896 oculis
780 1862 913 1896 avertit-
934 1864 970 1895 et
990 1861 1124 1904 aufert,

185 1916 374 1960 Linquens
393 1916 510 1950 multa
527 1918 630 1949 metu
649 1917 882 1949 cunctantem
902 1917 940 1949 et
959 1914 1077 1961 multa
1095 1916 1286 1957 parantem

185 1969 323 2003 Dicere.
386 1969 597 2013 Suscipiunt
617 1969 776 2010 famulae,
800 1968 1029 2013 collapsaque
1047 1967 1210 2001 membra

185 2022 392 2057 Marmoreo
411 2023 575 2056 referunt
593 2022 756 2055 thalamo
770 2022 966 2066 stratisque
985 2023 1178 2065 reponunt.

239 2076 292 2110 At
311 2075 393 2119 pius
417 2075 562 2117 AEneas‚
588 2086 798 2119 quanquam
817 2074 929 2108 lenire
949 2073 1134 2108 dolentem

187 2129 346 2163 Solando
366 2129 467 2173 cupit
486 2132 522 2162 et
542 2128 650 2162 dictis
669 2130 838 2162 avertere·
851 2139 966 2170 curas,

188 2182 314 2216 Multa
332 2193 490 2226 gemens,
512 2193 718 2226 magnoque
737 2181 900 2215 animum
919 2180 1120 2214 labefactus
1140 2191 1260 2213 amore
1279 2193 1287 2221 ;

186 2235 212 2269 J
214 2246 298 2269 ussa
316 2238 442 2269 tamen
461 2235 600 2270 Divum
619 2234 842 2278 exsequitur,
867 2234 1089 2277 classemque
1108 2232 1242 2267 revisit.

188 2288 283 2322 Tum
298 2299 383 2322 vero
398 2288 527 2322 Teucri
544 2288 774 2330 incumbunt,
799 2289 836 2321 et
854 2287 978 2321 littore
997 2287 1109 2320 celsas

190 2340 390 2377 Deducunt
408 2344 488 2377 toto
508 2353 619 2376 naves
636 2354 645 2384 ;
673 2343 778 2376 natat
797 2342 910 2375 uncta
929 2339 1050 2375 carina
1066 2352 1076 2381 3

1355 321 1396 340 360

1353 584 1395 605 357,

1355 1379 1398 1400 350

1359 1911 1401 1931 :590

1359 2176 1401 2196 :595
