<?xml version="1.0" encoding="UTF-8"?>
<!DOCTYPE html PUBLIC "-//W3C//DTD XHTML 1.0 Transitional//EN"
    "http://www.w3.org/TR/xhtml1/DTD/xhtml1-transitional.dtd">
<html xmlns="http://www.w3.org/1999/xhtml" xml:lang="en" lang="en">
 <head>
  <title>
</title>
<meta http-equiv="Content-Type" content="text/html;charset=utf-8" />
  <meta name='ocr-system' content='tesseract 3.04.00' />
  <meta name='ocr-capabilities' content='ocr_page ocr_carea ocr_par ocr_line ocrx_word'/>
</head>
<body>
  <div class='ocr_page' id='page_1' title='image "./operavir00virguoft_0228.png"; bbox 0 0 1559 2584; ppageno 0'>
   <div class='ocr_carea' id='block_1_1' title="bbox 110 103 161 141">
    <p class='ocr_par' dir='ltr' id='par_1_1' title="bbox 110 103 161 141">
     <span class='ocr_line' id='line_1_1' title="bbox 110 103 161 141; baseline 0.039 -2"><span class='ocrx_word' id='word_1_1' title='bbox 110 103 132 139; x_wconf 67' lang='lat'>:3</span> <span class='ocrx_word' id='word_1_2' title='bbox 139 103 161 141; x_wconf 79' lang='grc'><strong>0</strong></span> 
     </span>
    </p>
   </div>
   <div class='ocr_carea' id='block_1_2' title="bbox 584 117 955 145">
    <p class='ocr_par' dir='ltr' id='par_1_2' title="bbox 584 117 955 145">
     <span class='ocr_line' id='line_1_2' title="bbox 584 117 955 145; baseline -0.003 0"><span class='ocrx_word' id='word_1_3' title='bbox 584 117 771 145; x_wconf 78' lang='lat' dir='ltr'>VIRGILII</span> <span class='ocrx_word' id='word_1_4' title='bbox 801 117 955 145; x_wconf 76' lang='lat' dir='ltr'>AENEIS.</span> 
     </span>
    </p>
   </div>
   <div class='ocr_carea' id='block_1_3' title="bbox 220 205 1302 2156">
    <p class='ocr_par' dir='ltr' id='par_1_3' title="bbox 220 205 1199 505">
     <span class='ocr_line' id='line_1_3' title="bbox 220 205 1104 250; baseline 0 -10"><span class='ocrx_word' id='word_1_5' title='bbox 220 207 358 250; x_wconf 85' lang='lat' dir='ltr'>Testor,</span> <span class='ocrx_word' id='word_1_6' title='bbox 380 205 418 240; x_wconf 90' lang='lat' dir='ltr'>in</span> <span class='ocrx_word' id='word_1_7' title='bbox 437 216 563 239; x_wconf 72' lang='lat' dir='ltr'>occasu</span> <span class='ocrx_word' id='word_1_8' title='bbox 584 207 717 248; x_wconf 86' lang='lat' dir='ltr'>vestro,</span> <span class='ocrx_word' id='word_1_9' title='bbox 734 217 801 239; x_wconf 84' lang='lat' dir='ltr'>nec</span> <span class='ocrx_word' id='word_1_10' title='bbox 818 205 905 249; x_wconf 86' lang='lat' dir='ltr'>tela,</span> <span class='ocrx_word' id='word_1_11' title='bbox 926 217 992 240; x_wconf 89' lang='lat' dir='ltr'>nec</span> <span class='ocrx_word' id='word_1_12' title='bbox 1009 206 1104 241; x_wconf 82' lang='lat' dir='ltr'>ullas</span> 
     </span>
     <span class='ocr_line' id='line_1_4' title="bbox 221 258 1139 302; baseline 0.001 -9"><span class='ocrx_word' id='word_1_13' title='bbox 221 259 406 294; x_wconf 82' lang='lat' dir='ltr'>Vitavisse</span> <span class='ocrx_word' id='word_1_14' title='bbox 425 259 522 293; x_wconf 74' lang='lat' dir='ltr'>vices</span> <span class='ocrx_word' id='word_1_15' title='bbox 540 258 711 292; x_wconf 70' lang='lat' dir='ltr'>Danaum</span> <span class='ocrx_word' id='word_1_16' title='bbox 730 271 737 298; x_wconf 85' lang='lat'><em>3</em></span> <span class='ocrx_word' id='word_1_17' title='bbox 766 261 813 302; x_wconf 89' lang='lat' dir='ltr'>et,</span> <span class='ocrx_word' id='word_1_18' title='bbox 839 259 868 292; x_wconf 90' lang='lat' dir='ltr'>si</span> <span class='ocrx_word' id='word_1_19' title='bbox 887 259 965 292; x_wconf 85' lang='lat' dir='ltr'>fata</span> <span class='ocrx_word' id='word_1_20' title='bbox 983 259 1139 294; x_wconf 86' lang='lat' dir='ltr'>fuissent</span> 
     </span>
     <span class='ocr_line' id='line_1_5' title="bbox 220 311 1198 356; baseline 0 -10"><span class='ocrx_word' id='word_1_21' title='bbox 220 312 273 346; x_wconf 77' lang='lat' dir='ltr'>Ut</span> <span class='ocrx_word' id='word_1_22' title='bbox 294 312 471 354; x_wconf 80' lang='lat' dir='ltr'>caderem,</span> <span class='ocrx_word' id='word_1_23' title='bbox 491 311 665 344; x_wconf 84' lang='lat' dir='ltr'>meruisse</span> <span class='ocrx_word' id='word_1_24' title='bbox 684 322 804 345; x_wconf 83' lang='lat' dir='ltr'>manu.</span> <span class='ocrx_word' id='word_1_25' title='bbox 865 311 1085 345; x_wconf 80' lang='lat' dir='ltr'>Divellimur</span> <span class='ocrx_word' id='word_1_26' title='bbox 1103 312 1198 356; x_wconf 83' lang='lat' dir='ltr'>inde,</span> 
     </span>
     <span class='ocr_line' id='line_1_6' title="bbox 220 364 1199 409; baseline 0.002 -11"><span class='ocrx_word' id='word_1_27' title='bbox 220 365 366 409; x_wconf 84' lang='lat' dir='ltr'>Iphitus</span> <span class='ocrx_word' id='word_1_28' title='bbox 386 367 423 398; x_wconf 86' lang='lat' dir='ltr'>ct</span> <span class='ocrx_word' id='word_1_29' title='bbox 442 364 562 398; x_wconf 80' lang='lat' dir='ltr'>Pelias</span> <span class='ocrx_word' id='word_1_30' title='bbox 581 375 723 397; x_wconf 87' lang='lat' dir='ltr'>mecum</span> <span class='ocrx_word' id='word_1_31' title='bbox 742 376 750 405; x_wconf 93' lang='lat'>;</span> <span class='ocrx_word' id='word_1_32' title='bbox 779 375 935 407; x_wconf 88' lang='lat' dir='ltr'>quorum</span> <span class='ocrx_word' id='word_1_33' title='bbox 954 364 1100 407; x_wconf 88' lang='lat' dir='ltr'>Iphitus</span> <span class='ocrx_word' id='word_1_34' title='bbox 1119 376 1199 400; x_wconf 83' lang='lat' dir='ltr'>aevo</span> 
     </span>
     <span class='ocr_line' id='line_1_7' title="bbox 220 416 1145 461; baseline -0.001 -9"><span class='ocrx_word' id='word_1_35' title='bbox 220 418 247 452; x_wconf 82' lang='lat' dir='ltr'>J</span> <span class='ocrx_word' id='word_1_36' title='bbox 249 430 307 452; x_wconf 83' lang='lat' dir='ltr'>am</span> <span class='ocrx_word' id='word_1_37' title='bbox 326 417 482 461; x_wconf 85' lang='lat' dir='ltr'>gravior,</span> <span class='ocrx_word' id='word_1_38' title='bbox 505 416 625 450; x_wconf 77' lang='lat' dir='ltr'>Pelias</span> <span class='ocrx_word' id='word_1_39' title='bbox 645 419 682 450; x_wconf 88' lang='lat' dir='ltr'>et</span> <span class='ocrx_word' id='word_1_40' title='bbox 700 417 852 450; x_wconf 81' lang='lat' dir='ltr'>vulnere</span> <span class='ocrx_word' id='word_1_41' title='bbox 869 417 998 450; x_wconf 83' lang='lat' dir='ltr'>tardus</span> <span class='ocrx_word' id='word_1_42' title='bbox 1017 417 1120 451; x_wconf 87' lang='lat' dir='ltr'>Ulixi</span> <span class='ocrx_word' id='word_1_43' title='bbox 1135 430 1145 460; x_wconf 94' lang='lat'>;</span> 
     </span>
     <span class='ocr_line' id='line_1_8' title="bbox 221 469 1062 505; baseline -0.001 0"><span class='ocrx_word' id='word_1_44' title='bbox 221 471 397 505; x_wconf 85' lang='lat' dir='ltr'>Protinus</span> <span class='ocrx_word' id='word_1_45' title='bbox 416 469 463 503; x_wconf 87' lang='lat' dir='ltr'>ad</span> <span class='ocrx_word' id='word_1_46' title='bbox 482 469 584 502; x_wconf 82' lang='lat' dir='ltr'>sedes</span> <span class='ocrx_word' id='word_1_47' title='bbox 604 469 741 502; x_wconf 83' lang='lat' dir='ltr'>Priami</span> <span class='ocrx_word' id='word_1_48' title='bbox 759 470 913 503; x_wconf 86' lang='lat' dir='ltr'>clamore</span> <span class='ocrx_word' id='word_1_49' title='bbox 933 471 1062 504; x_wconf 88' lang='lat' dir='ltr'>vocati.</span> 
     </span>
    </p>

    <p class='ocr_par' dir='ltr' id='par_1_4' title="bbox 221 523 1302 1310">
     <span class='ocr_line' id='line_1_9' title="bbox 275 523 1275 568; baseline -0.001 -11"><span class='ocrx_word' id='word_1_50' title='bbox 275 524 348 557; x_wconf 86' lang='lat' dir='ltr'>Hic</span> <span class='ocrx_word' id='word_1_51' title='bbox 366 535 452 557; x_wconf 84' lang='lat' dir='ltr'>vero</span> <span class='ocrx_word' id='word_1_52' title='bbox 471 523 657 567; x_wconf 83' lang='lat' dir='ltr'>ingentem</span> <span class='ocrx_word' id='word_1_53' title='bbox 676 534 848 566; x_wconf 77' lang='lat' dir='ltr'>pugnam,</span> <span class='ocrx_word' id='word_1_54' title='bbox 871 534 935 556; x_wconf 90' lang='lat' dir='ltr'>ceu</span> <span class='ocrx_word' id='word_1_55' title='bbox 955 525 1075 556; x_wconf 86' lang='lat' dir='ltr'>cetera</span> <span class='ocrx_word' id='word_1_56' title='bbox 1092 534 1275 568; x_wconf 85' lang='lat' dir='ltr'><strong>nusquam</strong></span> 
     </span>
     <span class='ocr_line' id='line_1_10' title="bbox 221 575 1119 620; baseline -0.001 -10"><span class='ocrx_word' id='word_1_57' title='bbox 221 577 326 610; x_wconf 87' lang='lat' dir='ltr'>Bella</span> <span class='ocrx_word' id='word_1_58' title='bbox 343 577 476 620; x_wconf 83' lang='lat' dir='ltr'>forent,</span> <span class='ocrx_word' id='word_1_59' title='bbox 497 576 590 609; x_wconf 84' lang='lat' dir='ltr'>nulli</span> <span class='ocrx_word' id='word_1_60' title='bbox 609 577 688 609; x_wconf 75' lang='lat' dir='ltr'>tota</span> <span class='ocrx_word' id='word_1_61' title='bbox 705 578 934 609; x_wconf 77' lang='lat' dir='ltr'>morerentur</span> <span class='ocrx_word' id='word_1_62' title='bbox 951 575 989 609; x_wconf 90' lang='lat' dir='ltr'>in</span> <span class='ocrx_word' id='word_1_63' title='bbox 1009 576 1119 618; x_wconf 85' lang='lat' dir='ltr'>urbe3</span> 
     </span>
     <span class='ocr_line' id='line_1_11' title="bbox 223 628 1292 672; baseline -0.002 -9"><span class='ocrx_word' id='word_1_64' title='bbox 223 630 281 663; x_wconf 83' lang='lat' dir='ltr'>Sic</span> <span class='ocrx_word' id='word_1_65' title='bbox 300 629 460 662; x_wconf 80' lang='lat' dir='ltr'>Martem</span> <span class='ocrx_word' id='word_1_66' title='bbox 479 629 703 662; x_wconf 87' lang='lat' dir='ltr'>indomitum</span> <span class='ocrx_word' id='word_1_67' title='bbox 722 628 941 672; x_wconf 83' lang='lat' dir='ltr'>Danaosque</span> <span class='ocrx_word' id='word_1_68' title='bbox 960 628 1007 662; x_wconf 85' lang='lat' dir='ltr'>ad</span> <span class='ocrx_word' id='word_1_69' title='bbox 1026 631 1125 663; x_wconf 85' lang='lat' dir='ltr'>tecta</span> <span class='ocrx_word' id='word_1_70' title='bbox 1142 630 1292 662; x_wconf 82' lang='lat' dir='ltr'>mentes</span> 
     </span>
     <span class='ocr_line' id='line_1_12' title="bbox 222 681 1141 726; baseline 0 -10"><span class='ocrx_word' id='word_1_71' title='bbox 222 683 424 726; x_wconf 82' lang='lat' dir='ltr'>Cernimus,</span> <span class='ocrx_word' id='word_1_72' title='bbox 441 682 698 725; x_wconf 65' lang='lat' dir='ltr'>obsessumque</span> <span class='ocrx_word' id='word_1_73' title='bbox 718 684 798 715; x_wconf 73' lang='lat' dir='ltr'>acta</span> <span class='ocrx_word' id='word_1_74' title='bbox 816 681 1002 715; x_wconf 71' lang='lat' dir='ltr'>testudine</span> <span class='ocrx_word' id='word_1_75' title='bbox 1020 682 1141 716; x_wconf 84' lang='lat' dir='ltr'>limen.</span> 
     </span>
     <span class='ocr_line' id='line_1_13' title="bbox 222 735 1149 780; baseline -0.001 -11"><span class='ocrx_word' id='word_1_76' title='bbox 222 736 377 769; x_wconf 73' lang='lat' dir='ltr'>Haerent</span> <span class='ocrx_word' id='word_1_77' title='bbox 396 735 596 780; x_wconf 84' lang='lat' dir='ltr'>parietibus</span> <span class='ocrx_word' id='word_1_78' title='bbox 616 735 730 778; x_wconf 79' lang='lat' dir='ltr'>scalae,</span> <span class='ocrx_word' id='word_1_79' title='bbox 754 737 947 779; x_wconf 89' lang='lat' dir='ltr'>postesque</span> <span class='ocrx_word' id='word_1_80' title='bbox 967 735 1034 768; x_wconf 85' lang='lat' dir='ltr'>sub</span> <span class='ocrx_word' id='word_1_81' title='bbox 1053 735 1149 778; x_wconf 88' lang='lat' dir='ltr'>ipsos</span> 
     </span>
     <span class='ocr_line' id='line_1_14' title="bbox 221 787 1177 832; baseline -0.001 -9"><span class='ocrx_word' id='word_1_82' title='bbox 221 789 260 823; x_wconf 91' lang='lat' dir='ltr'>N</span> <span class='ocrx_word' id='word_1_83' title='bbox 262 790 408 823; x_wconf 88' lang='lat' dir='ltr'>ituntur</span> <span class='ocrx_word' id='word_1_84' title='bbox 425 788 607 832; x_wconf 82' lang='lat' dir='ltr'>gradibus,</span> <span class='ocrx_word' id='word_1_85' title='bbox 627 788 845 832; x_wconf 80' lang='lat' dir='ltr'>clypeosque</span> <span class='ocrx_word' id='word_1_86' title='bbox 863 788 909 821; x_wconf 88' lang='lat' dir='ltr'>ad</span> <span class='ocrx_word' id='word_1_87' title='bbox 929 788 1003 821; x_wconf 87' lang='lat' dir='ltr'>tela</span> <span class='ocrx_word' id='word_1_88' title='bbox 1022 787 1177 822; x_wconf 76' lang='lat' dir='ltr'>sinistris</span> 
     </span>
     <span class='ocr_line' id='line_1_15' title="bbox 222 841 1123 885; baseline -0.001 -9"><span class='ocrx_word' id='word_1_89' title='bbox 222 841 387 876; x_wconf 88' lang='lat' dir='ltr'>Protecti</span> <span class='ocrx_word' id='word_1_90' title='bbox 405 841 597 885; x_wconf 84' lang='lat' dir='ltr'>objiciunt,</span> <span class='ocrx_word' id='word_1_91' title='bbox 619 843 793 885; x_wconf 83' lang='lat' dir='ltr'>prensant</span> <span class='ocrx_word' id='word_1_92' title='bbox 812 841 956 884; x_wconf 83' lang='lat' dir='ltr'>fastigia</span> <span class='ocrx_word' id='word_1_93' title='bbox 975 841 1123 875; x_wconf 80' lang='lat' dir='ltr'>dextris.</span> 
     </span>
     <span class='ocr_line' id='line_1_16' title="bbox 222 894 1114 930; baseline -0.003 0"><span class='ocrx_word' id='word_1_94' title='bbox 222 895 445 930; x_wconf 72' lang='lat' dir='ltr'>Dardanidae</span> <span class='ocrx_word' id='word_1_95' title='bbox 464 897 590 928; x_wconf 86' lang='lat' dir='ltr'>contra</span> <span class='ocrx_word' id='word_1_96' title='bbox 608 897 727 927; x_wconf 82' lang='lat' dir='ltr'>turres</span> <span class='ocrx_word' id='word_1_97' title='bbox 746 905 787 927; x_wconf 87' lang='lat' dir='ltr'>ac</span> <span class='ocrx_word' id='word_1_98' title='bbox 805 896 904 927; x_wconf 86' lang='lat' dir='ltr'>tecta</span> <span class='ocrx_word' id='word_1_99' title='bbox 922 894 1114 927; x_wconf 88' lang='lat' dir='ltr'>domorum</span> 
     </span>
     <span class='ocr_line' id='line_1_17' title="bbox 223 946 1302 990; baseline -0.003 -8"><span class='ocrx_word' id='word_1_100' title='bbox 223 948 393 982; x_wconf 83' lang='lat' dir='ltr'>Culmina</span> <span class='ocrx_word' id='word_1_101' title='bbox 411 948 621 981; x_wconf 84' lang='lat' dir='ltr'>convellunt</span> <span class='ocrx_word' id='word_1_102' title='bbox 640 960 646 981; x_wconf 90' lang='grc'>;</span> <span class='ocrx_word' id='word_1_103' title='bbox 675 947 731 980; x_wconf 87' lang='lat' dir='ltr'>his</span> <span class='ocrx_word' id='word_1_104' title='bbox 750 958 800 990; x_wconf 88' lang='lat' dir='ltr'>se,</span> <span class='ocrx_word' id='word_1_105' title='bbox 823 946 969 990; x_wconf 86' lang='lat' dir='ltr'>quando</span> <span class='ocrx_word' id='word_1_106' title='bbox 987 947 1119 980; x_wconf 84' lang='lat' dir='ltr'>ultima</span> <span class='ocrx_word' id='word_1_107' title='bbox 1138 948 1302 989; x_wconf 79' lang='lat' dir='ltr'>cernunt,</span> 
     </span>
     <span class='ocr_line' id='line_1_18' title="bbox 223 1000 1181 1044; baseline -0.002 -9"><span class='ocrx_word' id='word_1_108' title='bbox 223 1001 402 1035; x_wconf 74' lang='lat' dir='ltr'>Extrema</span> <span class='ocrx_word' id='word_1_109' title='bbox 417 1000 496 1044; x_wconf 87' lang='lat' dir='ltr'>jam</span> <span class='ocrx_word' id='word_1_110' title='bbox 515 1000 553 1033; x_wconf 91' lang='lat' dir='ltr'>in</span> <span class='ocrx_word' id='word_1_111' title='bbox 572 1002 688 1033; x_wconf 87' lang='lat' dir='ltr'>morte</span> <span class='ocrx_word' id='word_1_112' title='bbox 708 1003 838 1043; x_wconf 87' lang='lat' dir='ltr'>parant</span> <span class='ocrx_word' id='word_1_113' title='bbox 858 1000 1052 1033; x_wconf 87' lang='lat' dir='ltr'>defendere</span> <span class='ocrx_word' id='word_1_114' title='bbox 1071 1000 1154 1033; x_wconf 67' lang='lat' dir='ltr'>telis</span> <span class='ocrx_word' id='word_1_115' title='bbox 1173 1013 1181 1041; x_wconf 89' lang='lat'>;</span> 
     </span>
     <span class='ocr_line' id='line_1_19' title="bbox 223 1053 1263 1098; baseline -0.002 -10"><span class='ocrx_word' id='word_1_116' title='bbox 223 1055 456 1098; x_wconf 86' lang='lat' dir='ltr'>Auratasque</span> <span class='ocrx_word' id='word_1_117' title='bbox 475 1053 608 1095; x_wconf 86' lang='lat' dir='ltr'>trabes,</span> <span class='ocrx_word' id='word_1_118' title='bbox 626 1055 792 1086; x_wconf 84' lang='lat' dir='ltr'>veterum</span> <span class='ocrx_word' id='word_1_119' title='bbox 812 1053 941 1086; x_wconf 86' lang='lat' dir='ltr'>decora</span> <span class='ocrx_word' id='word_1_120' title='bbox 960 1053 1036 1086; x_wconf 87' lang='lat' dir='ltr'>alta</span> <span class='ocrx_word' id='word_1_121' title='bbox 1053 1055 1263 1096; x_wconf 85' lang='lat' dir='ltr'>parentum,</span> 
     </span>
     <span class='ocr_line' id='line_1_20' title="bbox 223 1104 1074 1141; baseline -0.001 -1"><span class='ocrx_word' id='word_1_122' title='bbox 223 1107 437 1141; x_wconf 83' lang='lat' dir='ltr'>Devolvunt</span> <span class='ocrx_word' id='word_1_123' title='bbox 456 1119 462 1140; x_wconf 94' lang='lat'><strong>:</strong></span> <span class='ocrx_word' id='word_1_124' title='bbox 492 1105 554 1139; x_wconf 87' lang='lat' dir='ltr'>alii</span> <span class='ocrx_word' id='word_1_125' title='bbox 573 1105 708 1138; x_wconf 80' lang='lat' dir='ltr'>strictis</span> <span class='ocrx_word' id='word_1_126' title='bbox 727 1105 962 1138; x_wconf 77' lang='lat' dir='ltr'>mucronibus</span> <span class='ocrx_word' id='word_1_127' title='bbox 981 1104 1074 1139; x_wconf 86' lang='lat' dir='ltr'>imas</span> 
     </span>
     <span class='ocr_line' id='line_1_21' title="bbox 226 1158 1091 1202; baseline -0.001 -8"><span class='ocrx_word' id='word_1_128' title='bbox 226 1160 403 1194; x_wconf 72' lang='lat' dir='ltr'>Obsidere</span> <span class='ocrx_word' id='word_1_129' title='bbox 423 1159 531 1202; x_wconf 84' lang='lat' dir='ltr'>fores,</span> <span class='ocrx_word' id='word_1_130' title='bbox 553 1158 619 1192; x_wconf 83' lang='lat' dir='ltr'>has</span> <span class='ocrx_word' id='word_1_131' title='bbox 640 1161 787 1192; x_wconf 86' lang='lat' dir='ltr'>servant</span> <span class='ocrx_word' id='word_1_132' title='bbox 807 1158 949 1201; x_wconf 83' lang='lat' dir='ltr'>agmine</span> <span class='ocrx_word' id='word_1_133' title='bbox 969 1158 1091 1193; x_wconf 89' lang='lat' dir='ltr'>denso.</span> 
     </span>
     <span class='ocr_line' id='line_1_22' title="bbox 225 1211 1036 1255; baseline -0.004 -8"><span class='ocrx_word' id='word_1_134' title='bbox 225 1213 427 1247; x_wconf 81' lang='lat' dir='ltr'>Instaurati</span> <span class='ocrx_word' id='word_1_135' title='bbox 446 1211 559 1245; x_wconf 85' lang='lat' dir='ltr'>animi</span> <span class='ocrx_word' id='word_1_136' title='bbox 577 1211 670 1255; x_wconf 79' lang='lat' dir='ltr'>regis</span> <span class='ocrx_word' id='word_1_137' title='bbox 690 1222 898 1245; x_wconf 83' lang='lat' dir='ltr'>succurrere</span> <span class='ocrx_word' id='word_1_138' title='bbox 917 1211 1036 1255; x_wconf 84' lang='lat' dir='ltr'>tectis,</span> 
     </span>
     <span class='ocr_line' id='line_1_23' title="bbox 224 1264 1161 1310; baseline 0 -10"><span class='ocrx_word' id='word_1_139' title='bbox 224 1266 447 1310; x_wconf 84' lang='lat' dir='ltr'>Auxilioque</span> <span class='ocrx_word' id='word_1_140' title='bbox 467 1265 587 1298; x_wconf 85' lang='lat' dir='ltr'>levare</span> <span class='ocrx_word' id='word_1_141' title='bbox 607 1265 704 1297; x_wconf 88' lang='lat' dir='ltr'>viros</span> <span class='ocrx_word' id='word_1_142' title='bbox 722 1264 871 1308; x_wconf 84' lang='lat' dir='ltr'>vimque</span> <span class='ocrx_word' id='word_1_143' title='bbox 891 1264 1025 1298; x_wconf 83' lang='lat' dir='ltr'>addere</span> <span class='ocrx_word' id='word_1_144' title='bbox 1045 1264 1161 1300; x_wconf 87' lang='lat' dir='ltr'>victis.</span> 
     </span>
    </p>

    <p class='ocr_par' dir='ltr' id='par_1_5' title="bbox 225 1318 1248 2156">
     <span class='ocr_line' id='line_1_24' title="bbox 278 1318 1173 1361; baseline 0 -9"><span class='ocrx_word' id='word_1_145' title='bbox 278 1319 408 1352; x_wconf 86' lang='lat' dir='ltr'>Limen</span> <span class='ocrx_word' id='word_1_146' title='bbox 427 1320 516 1361; x_wconf 83' lang='lat' dir='ltr'>erat,</span> <span class='ocrx_word' id='word_1_147' title='bbox 541 1328 716 1361; x_wconf 70' lang='lat' dir='ltr'>caecaeque</span> <span class='ocrx_word' id='word_1_148' title='bbox 735 1318 842 1360; x_wconf 86' lang='lat' dir='ltr'>fores,</span> <span class='ocrx_word' id='word_1_149' title='bbox 865 1320 902 1350; x_wconf 89' lang='lat' dir='ltr'>et</span> <span class='ocrx_word' id='word_1_150' title='bbox 921 1318 1067 1361; x_wconf 88' lang='lat' dir='ltr'>pervius</span> <span class='ocrx_word' id='word_1_151' title='bbox 1086 1330 1173 1352; x_wconf 84' lang='lat' dir='ltr'>usus</span> 
     </span>
     <span class='ocr_line' id='line_1_25' title="bbox 226 1370 1113 1414; baseline -0.001 -8"><span class='ocrx_word' id='word_1_152' title='bbox 226 1372 419 1406; x_wconf 87' lang='lat' dir='ltr'>Tectorum</span> <span class='ocrx_word' id='word_1_153' title='bbox 438 1372 535 1405; x_wconf 87' lang='lat' dir='ltr'>inter</span> <span class='ocrx_word' id='word_1_154' title='bbox 554 1382 590 1404; x_wconf 86' lang='lat' dir='ltr'>se</span> <span class='ocrx_word' id='word_1_155' title='bbox 611 1370 759 1414; x_wconf 83' lang='lat' dir='ltr'>Priami,</span> <span class='ocrx_word' id='word_1_156' title='bbox 783 1373 976 1414; x_wconf 89' lang='lat' dir='ltr'>postesque</span> <span class='ocrx_word' id='word_1_157' title='bbox 995 1371 1113 1405; x_wconf 84' lang='lat' dir='ltr'>relicti</span> 
     </span>
     <span class='ocr_line' id='line_1_26' title="bbox 225 1424 1196 1469; baseline -0.001 -10"><span class='ocrx_word' id='word_1_158' title='bbox 225 1426 260 1459; x_wconf 90' lang='lat' dir='ltr'>A</span> <span class='ocrx_word' id='word_1_159' title='bbox 279 1428 380 1469; x_wconf 81' lang='lat' dir='ltr'>tergo</span> <span class='ocrx_word' id='word_1_160' title='bbox 401 1437 407 1459; x_wconf 92' lang='lat'>:</span> <span class='ocrx_word' id='word_1_161' title='bbox 436 1424 564 1457; x_wconf 83' lang='lat' dir='ltr'>infelix</span> <span class='ocrx_word' id='word_1_162' title='bbox 585 1436 658 1468; x_wconf 86' lang='lat' dir='ltr'>qua</span> <span class='ocrx_word' id='word_1_163' title='bbox 677 1436 725 1467; x_wconf 90' lang='lat' dir='ltr'>se,</span> <span class='ocrx_word' id='word_1_164' title='bbox 748 1424 837 1457; x_wconf 85' lang='lat' dir='ltr'>dum</span> <span class='ocrx_word' id='word_1_165' title='bbox 856 1435 967 1467; x_wconf 87' lang='lat' dir='ltr'>regna</span> <span class='ocrx_word' id='word_1_166' title='bbox 984 1425 1196 1468; x_wconf 81' lang='lat' dir='ltr'>manebant,</span> 
     </span>
     <span class='ocr_line' id='line_1_27' title="bbox 227 1477 1145 1522; baseline -0.002 -10"><span class='ocrx_word' id='word_1_167' title='bbox 227 1479 368 1522; x_wconf 70' lang='lat' dir='ltr'>Saepius</span> <span class='ocrx_word' id='word_1_168' title='bbox 387 1477 641 1511; x_wconf 83' lang='lat' dir='ltr'>Andromache</span> <span class='ocrx_word' id='word_1_169' title='bbox 661 1477 754 1510; x_wconf 87' lang='lat' dir='ltr'>ferre</span> <span class='ocrx_word' id='word_1_170' title='bbox 773 1477 987 1511; x_wconf 84' lang='lat' dir='ltr'>incomitata</span> <span class='ocrx_word' id='word_1_171' title='bbox 1006 1477 1145 1511; x_wconf 83' lang='lat' dir='ltr'>solebat</span> 
     </span>
     <span class='ocr_line' id='line_1_28' title="bbox 225 1529 1216 1574; baseline -0.002 -9"><span class='ocrx_word' id='word_1_172' title='bbox 225 1531 284 1565; x_wconf 87' lang='lat' dir='ltr'>Ad</span> <span class='ocrx_word' id='word_1_173' title='bbox 306 1542 456 1574; x_wconf 86' lang='lat' dir='ltr'>soceros,</span> <span class='ocrx_word' id='word_1_174' title='bbox 480 1532 517 1563; x_wconf 84' lang='lat' dir='ltr'>et</span> <span class='ocrx_word' id='word_1_175' title='bbox 536 1541 604 1563; x_wconf 83' lang='lat' dir='ltr'>avo</span> <span class='ocrx_word' id='word_1_176' title='bbox 622 1541 777 1573; x_wconf 84' lang='lat' dir='ltr'>puerum</span> <span class='ocrx_word' id='word_1_177' title='bbox 795 1530 1021 1573; x_wconf 85' lang='lat' dir='ltr'>Astyanacta</span> <span class='ocrx_word' id='word_1_178' title='bbox 1039 1529 1216 1564; x_wconf 88' lang='lat' dir='ltr'>trahebat.</span> 
     </span>
     <span class='ocr_line' id='line_1_29' title="bbox 226 1583 1055 1626; baseline -0.004 -8"><span class='ocrx_word' id='word_1_179' title='bbox 226 1584 354 1618; x_wconf 84' lang='lat' dir='ltr'>Evado</span> <span class='ocrx_word' id='word_1_180' title='bbox 373 1584 420 1617; x_wconf 87' lang='lat' dir='ltr'>ad</span> <span class='ocrx_word' id='word_1_181' title='bbox 440 1583 573 1617; x_wconf 87' lang='lat' dir='ltr'>summi</span> <span class='ocrx_word' id='word_1_182' title='bbox 590 1583 736 1626; x_wconf 83' lang='lat' dir='ltr'>fastigia</span> <span class='ocrx_word' id='word_1_183' title='bbox 755 1583 935 1625; x_wconf 88' lang='lat' dir='ltr'>culminis,</span> <span class='ocrx_word' id='word_1_184' title='bbox 957 1583 1055 1616; x_wconf 90' lang='lat' dir='ltr'>unde</span> 
     </span>
     <span class='ocr_line' id='line_1_30' title="bbox 227 1635 1067 1679; baseline -0.002 -8"><span class='ocrx_word' id='word_1_185' title='bbox 227 1637 314 1671; x_wconf 85' lang='lat' dir='ltr'>Tela</span> <span class='ocrx_word' id='word_1_186' title='bbox 331 1648 443 1670; x_wconf 86' lang='lat' dir='ltr'>manu</span> <span class='ocrx_word' id='word_1_187' title='bbox 462 1636 583 1670; x_wconf 87' lang='lat' dir='ltr'>miseri</span> <span class='ocrx_word' id='word_1_188' title='bbox 597 1636 787 1679; x_wconf 86' lang='lat' dir='ltr'>jactabant</span> <span class='ocrx_word' id='word_1_189' title='bbox 807 1636 910 1669; x_wconf 84' lang='lat' dir='ltr'>irrita</span> <span class='ocrx_word' id='word_1_190' title='bbox 929 1635 1067 1669; x_wconf 79' lang='lat' dir='ltr'>Teucri.</span> 
     </span>
     <span class='ocr_line' id='line_1_31' title="bbox 227 1688 1246 1733; baseline -0.003 -9"><span class='ocrx_word' id='word_1_191' title='bbox 227 1690 370 1724; x_wconf 84' lang='lat' dir='ltr'>Turrim</span> <span class='ocrx_word' id='word_1_192' title='bbox 388 1690 427 1723; x_wconf 90' lang='lat' dir='ltr'>in</span> <span class='ocrx_word' id='word_1_193' title='bbox 446 1689 623 1733; x_wconf 73' lang='lat' dir='ltr'>praecipiti</span> <span class='ocrx_word' id='word_1_194' title='bbox 642 1691 802 1722; x_wconf 83' lang='lat' dir='ltr'>stantem</span> <span class='ocrx_word' id='word_1_195' title='bbox 821 1689 1043 1733; x_wconf 85' lang='lat' dir='ltr'>summisque</span> <span class='ocrx_word' id='word_1_196' title='bbox 1062 1688 1129 1722; x_wconf 89' lang='lat' dir='ltr'>sub</span> <span class='ocrx_word' id='word_1_197' title='bbox 1148 1689 1246 1722; x_wconf 72' lang='lat' dir='ltr'>astra</span> 
     </span>
     <span class='ocr_line' id='line_1_32' title="bbox 226 1741 1078 1785; baseline -0.004 -8"><span class='ocrx_word' id='word_1_198' title='bbox 226 1743 409 1777; x_wconf 85' lang='lat' dir='ltr'>Eductam</span> <span class='ocrx_word' id='word_1_199' title='bbox 427 1742 547 1784; x_wconf 84' lang='lat' dir='ltr'>tectis,</span> <span class='ocrx_word' id='word_1_200' title='bbox 569 1742 666 1775; x_wconf 86' lang='lat' dir='ltr'>unde</span> <span class='ocrx_word' id='word_1_201' title='bbox 686 1742 804 1775; x_wconf 88' lang='lat' dir='ltr'>omnis</span> <span class='ocrx_word' id='word_1_202' title='bbox 823 1741 931 1785; x_wconf 82' lang='lat' dir='ltr'>Troja</span> <span class='ocrx_word' id='word_1_203' title='bbox 949 1741 1078 1785; x_wconf 79' lang='lat' dir='ltr'>videri,</span> 
     </span>
     <span class='ocr_line' id='line_1_33' title="bbox 226 1792 1115 1836; baseline -0.002 -6"><span class='ocrx_word' id='word_1_204' title='bbox 226 1796 275 1830; x_wconf 87' lang='lat' dir='ltr'>Et</span> <span class='ocrx_word' id='word_1_205' title='bbox 295 1796 465 1830; x_wconf 71' lang='lat' dir='ltr'>Danaum</span> <span class='ocrx_word' id='word_1_206' title='bbox 484 1795 601 1829; x_wconf 75' lang='lat' dir='ltr'>solitae</span> <span class='ocrx_word' id='word_1_207' title='bbox 620 1806 732 1828; x_wconf 88' lang='lat' dir='ltr'>naves</span> <span class='ocrx_word' id='word_1_208' title='bbox 752 1792 968 1828; x_wconf 71' lang='lat' dir='ltr'>et&#39;Achaica</span> <span class='ocrx_word' id='word_1_209' title='bbox 987 1797 1115 1836; x_wconf 83' lang='lat' dir='ltr'>castra,</span> 
     </span>
     <span class='ocr_line' id='line_1_34' title="bbox 226 1848 1118 1893; baseline -0.001 -10"><span class='ocrx_word' id='word_1_210' title='bbox 226 1849 397 1893; x_wconf 83' lang='lat' dir='ltr'>Aggressi</span> <span class='ocrx_word' id='word_1_211' title='bbox 415 1849 510 1882; x_wconf 87' lang='lat' dir='ltr'>ferro</span> <span class='ocrx_word' id='word_1_212' title='bbox 531 1848 678 1891; x_wconf 85' lang='lat' dir='ltr'>circum,</span> <span class='ocrx_word' id='word_1_213' title='bbox 701 1859 773 1892; x_wconf 75' lang='lat' dir='ltr'>qua</span> <span class='ocrx_word' id='word_1_214' title='bbox 792 1858 933 1881; x_wconf 88' lang='lat' dir='ltr'>summa</span> <span class='ocrx_word' id='word_1_215' title='bbox 952 1848 1118 1882; x_wconf 81' lang='lat' dir='ltr'>labantes</span> 
     </span>
     <span class='ocr_line' id='line_1_35' title="bbox 226 1900 1150 1943; baseline -0.002 -8"><span class='ocrx_word' id='word_1_216' title='bbox 226 1902 430 1936; x_wconf 67' lang='lat' dir='ltr'>‚Juncturas</span> <span class='ocrx_word' id='word_1_217' title='bbox 448 1902 615 1936; x_wconf 82' lang='lat' dir='ltr'>tabulata</span> <span class='ocrx_word' id='word_1_218' title='bbox 634 1901 784 1943; x_wconf 86' lang='lat' dir='ltr'>dabant,</span> <span class='ocrx_word' id='word_1_219' title='bbox 808 1900 1046 1934; x_wconf 86' lang='lat' dir='ltr'>convellimus</span> <span class='ocrx_word' id='word_1_220' title='bbox 1065 1900 1150 1935; x_wconf 87' lang='lat' dir='ltr'>altis</span> 
     </span>
     <span class='ocr_line' id='line_1_36' title="bbox 228 1953 1248 1999; baseline -0.003 -10"><span class='ocrx_word' id='word_1_221' title='bbox 228 1955 394 1999; x_wconf 86' lang='lat' dir='ltr'>Sedibus,</span> <span class='ocrx_word' id='word_1_222' title='bbox 415 1955 700 1999; x_wconf 83' lang='lat' dir='ltr'>impulimusque</span> <span class='ocrx_word' id='word_1_223' title='bbox 720 1967 728 1995; x_wconf 93' lang='lat'>;</span> <span class='ocrx_word' id='word_1_224' title='bbox 757 1965 799 1987; x_wconf 88' lang='lat' dir='ltr'>ea</span> <span class='ocrx_word' id='word_1_225' title='bbox 817 1954 918 1997; x_wconf 86' lang='lat' dir='ltr'>lapsa</span> <span class='ocrx_word' id='word_1_226' title='bbox 935 1956 1085 1997; x_wconf 88' lang='lat' dir='ltr'>repente</span> <span class='ocrx_word' id='word_1_227' title='bbox 1103 1953 1248 1987; x_wconf 84' lang='lat' dir='ltr'>ruinam</span> 
     </span>
     <span class='ocr_line' id='line_1_37' title="bbox 229 2006 1240 2050; baseline -0.001 -9"><span class='ocrx_word' id='word_1_228' title='bbox 229 2008 321 2041; x_wconf 86' lang='lat' dir='ltr'>Cum</span> <span class='ocrx_word' id='word_1_229' title='bbox 341 2008 464 2041; x_wconf 88' lang='lat' dir='ltr'>sonitu</span> <span class='ocrx_word' id='word_1_230' title='bbox 482 2007 609 2050; x_wconf 85' lang='lat' dir='ltr'>trahit,</span> <span class='ocrx_word' id='word_1_231' title='bbox 632 2009 669 2040; x_wconf 88' lang='lat' dir='ltr'>et</span> <span class='ocrx_word' id='word_1_232' title='bbox 687 2007 858 2040; x_wconf 65' lang='lat' dir='ltr'>Danaam</span> <span class='ocrx_word' id='word_1_233' title='bbox 877 2018 986 2050; x_wconf 87' lang='lat' dir='ltr'>super</span> <span class='ocrx_word' id='word_1_234' title='bbox 1004 2007 1149 2050; x_wconf 84' lang='lat' dir='ltr'>agmina</span> <span class='ocrx_word' id='word_1_235' title='bbox 1166 2006 1240 2040; x_wconf 72' lang='lat' dir='ltr'>late</span> 
     </span>
     <span class='ocr_line' id='line_1_38' title="bbox 227 2059 1226 2103; baseline -0.001 -9"><span class='ocrx_word' id='word_1_236' title='bbox 227 2061 373 2095; x_wconf 88' lang='lat' dir='ltr'>Incidit.</span> <span class='ocrx_word' id='word_1_237' title='bbox 433 2061 504 2094; x_wconf 81' lang='lat' dir='ltr'>Ast</span> <span class='ocrx_word' id='word_1_238' title='bbox 523 2060 584 2094; x_wconf 82' lang='lat' dir='ltr'>alii</span> <span class='ocrx_word' id='word_1_239' title='bbox 603 2060 762 2093; x_wconf 87' lang='lat' dir='ltr'>subeunt</span> <span class='ocrx_word' id='word_1_240' title='bbox 780 2072 788 2100; x_wconf 96' lang='lat'>;</span> <span class='ocrx_word' id='word_1_241' title='bbox 817 2071 883 2093; x_wconf 87' lang='lat' dir='ltr'>nec</span> <span class='ocrx_word' id='word_1_242' title='bbox 902 2070 1001 2103; x_wconf 80' lang='lat' dir='ltr'>saxa,</span> <span class='ocrx_word' id='word_1_243' title='bbox 1023 2071 1089 2093; x_wconf 88' lang='lat' dir='ltr'>nec</span> <span class='ocrx_word' id='word_1_244' title='bbox 1106 2059 1226 2093; x_wconf 85' lang='lat' dir='ltr'>ullum</span> 
     </span>
     <span class='ocr_line' id='line_1_39' title="bbox 228 2113 828 2156; baseline -0.003 -9"><span class='ocrx_word' id='word_1_245' title='bbox 228 2114 397 2148; x_wconf 85' lang='lat' dir='ltr'>Telorum</span> <span class='ocrx_word' id='word_1_246' title='bbox 416 2113 556 2147; x_wconf 85' lang='lat' dir='ltr'>interea</span> <span class='ocrx_word' id='word_1_247' title='bbox 575 2116 691 2147; x_wconf 86' lang='lat' dir='ltr'>cessat</span> <span class='ocrx_word' id='word_1_248' title='bbox 705 2124 828 2156; x_wconf 88' lang='lat' dir='ltr'>genus.</span> 
     </span>
    </p>
   </div>
   <div class='ocr_carea' id='block_1_4' title="bbox 281 2163 1358 2209">
    <p class='ocr_par' dir='ltr' id='par_1_6' title="bbox 281 2163 1358 2209">
     <span class='ocr_line' id='line_1_40' title="bbox 281 2163 1358 2209; baseline 0 -11"><span class='ocrx_word' id='word_1_249' title='bbox 281 2166 517 2200; x_wconf 85' lang='lat' dir='ltr'>Vestibulum</span> <span class='ocrx_word' id='word_1_250' title='bbox 537 2169 622 2200; x_wconf 87' lang='lat' dir='ltr'>ante</span> <span class='ocrx_word' id='word_1_251' title='bbox 642 2166 758 2209; x_wconf 86' lang='lat' dir='ltr'>ipsum</span> <span class='ocrx_word' id='word_1_252' title='bbox 779 2165 968 2209; x_wconf 83' lang='lat' dir='ltr'>primoque</span> <span class='ocrx_word' id='word_1_253' title='bbox 988 2165 1027 2199; x_wconf 87' lang='lat' dir='ltr'>in</span> <span class='ocrx_word' id='word_1_254' title='bbox 1046 2164 1172 2199; x_wconf 87' lang='lat' dir='ltr'>limine</span> <span class='ocrx_word' id='word_1_255' title='bbox 1191 2163 1358 2209; x_wconf 82' lang='lat' dir='ltr'>Pyrrhus</span> 
     </span>
    </p>
   </div>
   <div class='ocr_carea' id='block_1_5' title="bbox 228 2218 1250 2421">
    <p class='ocr_par' dir='ltr' id='par_1_7' title="bbox 228 2218 1021 2261">
     <span class='ocr_line' id='line_1_41' title="bbox 228 2218 1021 2261; baseline -0.001 -9"><span class='ocrx_word' id='word_1_256' title='bbox 228 2218 414 2261; x_wconf 80' lang='lat' dir='ltr'>Exsultat,</span> <span class='ocrx_word' id='word_1_257' title='bbox 436 2219 519 2253; x_wconf 87' lang='lat' dir='ltr'>telis</span> <span class='ocrx_word' id='word_1_258' title='bbox 537 2221 574 2252; x_wconf 88' lang='lat' dir='ltr'>et</span> <span class='ocrx_word' id='word_1_259' title='bbox 593 2219 673 2252; x_wconf 87' lang='lat' dir='ltr'>luce</span> <span class='ocrx_word' id='word_1_260' title='bbox 693 2230 860 2252; x_wconf 88' lang='lat' dir='ltr'>coruscus</span> <span class='ocrx_word' id='word_1_261' title='bbox 879 2218 997 2252; x_wconf 70' lang='lat' dir='ltr'>ahena</span> <span class='ocrx_word' id='word_1_262' title='bbox 1014 2231 1021 2252; x_wconf 91' lang='lat'><strong>:</strong></span> 
     </span>
    </p>

    <p class='ocr_par' dir='ltr' id='par_1_8' title="bbox 228 2271 1250 2421">
     <span class='ocr_line' id='line_1_42' title="bbox 229 2271 1250 2315; baseline 0 -11"><span class='ocrx_word' id='word_1_263' title='bbox 229 2271 355 2313; x_wconf 83' lang='lat' dir='ltr'>Qualis</span> <span class='ocrx_word' id='word_1_264' title='bbox 374 2272 439 2305; x_wconf 91' lang='lat' dir='ltr'>ubi</span> <span class='ocrx_word' id='word_1_265' title='bbox 457 2272 495 2304; x_wconf 85' lang='lat' dir='ltr'>in</span> <span class='ocrx_word' id='word_1_266' title='bbox 514 2272 633 2304; x_wconf 89' lang='lat' dir='ltr'>lucem</span> <span class='ocrx_word' id='word_1_267' title='bbox 653 2271 799 2305; x_wconf 81' lang='lat' dir='ltr'>coluber</span> <span class='ocrx_word' id='word_1_268' title='bbox 817 2271 913 2304; x_wconf 87' lang='lat' dir='ltr'>mala</span> <span class='ocrx_word' id='word_1_269' title='bbox 931 2271 1093 2314; x_wconf 78' lang='lat' dir='ltr'>gramina</span> <span class='ocrx_word' id='word_1_270' title='bbox 1112 2273 1250 2315; x_wconf 80' lang='lat' dir='ltr'>pastus,</span> 
     </span>
     <span class='ocr_line' id='line_1_43' title="bbox 228 2322 1244 2368; baseline -0.001 -10"><span class='ocrx_word' id='word_1_271' title='bbox 228 2322 377 2368; x_wconf 78' lang='lat' dir='ltr'>Frigida</span> <span class='ocrx_word' id='word_1_272' title='bbox 396 2325 463 2357; x_wconf 81' lang='lat' dir='ltr'>sub</span> <span class='ocrx_word' id='word_1_273' title='bbox 482 2326 581 2357; x_wconf 65' lang='lat' dir='ltr'>teira</span> <span class='ocrx_word' id='word_1_274' title='bbox 599 2324 785 2357; x_wconf 88' lang='lat' dir='ltr'>tumidum</span> <span class='ocrx_word' id='word_1_275' title='bbox 806 2335 914 2367; x_wconf 88' lang='lat' dir='ltr'>quem</span> <span class='ocrx_word' id='word_1_276' title='bbox 934 2324 1064 2358; x_wconf 89' lang='lat' dir='ltr'>bruma</span> <span class='ocrx_word' id='word_1_277' title='bbox 1084 2324 1244 2368; x_wconf 85' lang='lat' dir='ltr'>tegebat,</span> 
     </span>
     <span class='ocr_line' id='line_1_44' title="bbox 229 2375 1220 2421; baseline -0.001 -10"><span class='ocrx_word' id='word_1_278' title='bbox 229 2377 341 2411; x_wconf 90' lang='lat' dir='ltr'>Nunc</span> <span class='ocrx_word' id='word_1_279' title='bbox 359 2377 487 2421; x_wconf 87' lang='lat' dir='ltr'>positis</span> <span class='ocrx_word' id='word_1_280' title='bbox 506 2388 623 2410; x_wconf 89' lang='lat' dir='ltr'>novus</span> <span class='ocrx_word' id='word_1_281' title='bbox 642 2376 795 2419; x_wconf 72' lang='lat' dir='ltr'>exuviis,</span> <span class='ocrx_word' id='word_1_282' title='bbox 818 2375 1033 2420; x_wconf 87' lang='lat' dir='ltr'>nitidusque</span> <span class='ocrx_word' id='word_1_283' title='bbox 1050 2376 1220 2420; x_wconf 71' lang='lat' dir='ltr'>juventa,</span> 
     </span>
    </p>
   </div>
   <div class='ocr_carea' id='block_1_6' title="bbox 1398 361 1440 382">
    <p class='ocr_par' dir='ltr' id='par_1_9' title="bbox 1398 361 1440 382">
     <span class='ocr_line' id='line_1_45' title="bbox 1398 361 1440 382; baseline 0 0"><span class='ocrx_word' id='word_1_284' title='bbox 1398 361 1440 382; x_wconf 79' lang='lat'>⁴³⁵</span> 
     </span>
    </p>
   </div>
   <div class='ocr_carea' id='block_1_7' title="bbox 1400 624 1442 646">
    <p class='ocr_par' dir='ltr' id='par_1_10' title="bbox 1400 624 1442 646">
     <span class='ocr_line' id='line_1_46' title="bbox 1400 624 1442 646; baseline 0.024 -1"><span class='ocrx_word' id='word_1_285' title='bbox 1400 624 1442 646; x_wconf 75' lang='lat'>44⁰</span> 
     </span>
    </p>
   </div>
   <div class='ocr_carea' id='block_1_8' title="bbox 1400 888 1442 908">
    <p class='ocr_par' dir='ltr' id='par_1_11' title="bbox 1400 888 1442 908">
     <span class='ocr_line' id='line_1_47' title="bbox 1400 888 1442 908; baseline -0.024 0"><span class='ocrx_word' id='word_1_286' title='bbox 1400 888 1442 908; x_wconf 75' lang='lat'>445</span> 
     </span>
    </p>
   </div>
   <div class='ocr_carea' id='block_1_9' title="bbox 1400 1153 1443 1174">
    <p class='ocr_par' dir='ltr' id='par_1_12' title="bbox 1400 1153 1443 1174">
     <span class='ocr_line' id='line_1_48' title="bbox 1400 1153 1443 1174; baseline 0 0"><span class='ocrx_word' id='word_1_287' title='bbox 1400 1153 1443 1174; x_wconf 68' lang='lat'>4⁶⁰</span> 
     </span>
    </p>
   </div>
   <div class='ocr_carea' id='block_1_10' title="bbox 1398 1418 1441 1441">
    <p class='ocr_par' dir='ltr' id='par_1_13' title="bbox 1398 1418 1441 1441">
     <span class='ocr_line' id='line_1_49' title="bbox 1398 1418 1441 1441; baseline 0 -1"><span class='ocrx_word' id='word_1_288' title='bbox 1398 1418 1441 1441; x_wconf 76' lang='lat'>45⁵</span> 
     </span>
    </p>
   </div>
   <div class='ocr_carea' id='block_1_11' title="bbox 1398 1684 1440 1704">
    <p class='ocr_par' dir='ltr' id='par_1_14' title="bbox 1398 1684 1440 1704">
     <span class='ocr_line' id='line_1_50' title="bbox 1398 1684 1440 1704; baseline 0 0"><span class='ocrx_word' id='word_1_289' title='bbox 1398 1684 1440 1704; x_wconf 71' lang='lat'>⁴6⁰</span> 
     </span>
    </p>
   </div>
   <div class='ocr_carea' id='block_1_12' title="bbox 1397 1949 1439 1970">
    <p class='ocr_par' dir='ltr' id='par_1_15' title="bbox 1397 1949 1439 1970">
     <span class='ocr_line' id='line_1_51' title="bbox 1397 1949 1439 1970; baseline 0 -1"><span class='ocrx_word' id='word_1_290' title='bbox 1397 1949 1439 1970; x_wconf 72' lang='lat'>465</span> 
     </span>
    </p>
   </div>
   <div class='ocr_carea' id='block_1_13' title="bbox 1398 2212 1440 2236">
    <p class='ocr_par' dir='ltr' id='par_1_16' title="bbox 1398 2212 1440 2236">
     <span class='ocr_line' id='line_1_52' title="bbox 1398 2212 1440 2236; baseline 0 -4"><span class='ocrx_word' id='word_1_291' title='bbox 1398 2212 1440 2236; x_wconf 82' lang='lat'>470</span> 
     </span>
    </p>
   </div>
  </div>
 </body>
</html>
