1559 2584
129 91 210 128 148

603 99 789 129 VIRGILII
823 99 978 128 AENEIS.

232 187 377 222 Natum
395 187 618 231 exhortarer,
640 191 690 231 ni,
714 188 854 222 mixtus
867 191 984 222 matre
1004 187 1157 231 Sabella,
1401 187 1443 209 ⁶¹⁰

231 240 332 274 Hinc
351 243 493 285 partem
511 240 640 284 patriae
659 241 828 275 traheret.
890 241 958 285 Tu,
981 241 1085 286 cujus
1103 245 1140 275 et
1160 240 1265 276 annis

230 293 280 327 Et
298 293 422 338 generi
439 294 558 327 fatum
575 293 754 338 indulget,
776 305 885 338 quem
904 294 1057 328 numina
1074 297 1240 338 poscunt,

230 345 439 390 Ingredere,
462 358 483 380 0
503 346 682 380 Teucrum
700 349 812 391 atque
831 347 970 381 Italum
988 347 1184 381 fortissime
1203 348 1344 383 ductor.

230 398 344 433 Hunc
362 399 432 433 tibi
449 402 636 443 praeterea,
659 411 740 443 spes
759 402 797 433 et
815 400 944 434 solatia
961 402 1090 443 nostri,

231 452 403 486 Pallanta
420 453 620 497 adjungam
639 465 645 487 :
675 453 742 486 sub
760 455 798 487 te
816 453 971 487 tolerare
989 453 1163 497 magistro
1404 452 1445 472 ⁵¹⁵

229 505 406 539 Mih'tiam
424 508 462 540 et
481 517 590 549 grave
611 505 743 539 Martis
762 517 865 550 opus,
885 509 952 540 tua
971 517 1114 540 cernere
1133 506 1232 541 facta

231 558 428 592 Assuescat
449 571 458 600 ;
486 556 614 602 primis
635 561 672 592 et
691 562 728 592 te
743 558 901 593 miretur
919 559 965 592 ab
985 559 1100 593 annis.

229 611 391 646 Arcadas
411 611 496 645 111110
516 611 658 656 equites
676 611 732 645 bis
751 615 911 655 centum,
929 612 1058 646 robora
1076 611 1183 656 pubis

230 663 354 708 Lecta,
378 664 472 698 daLo
491 678 498 706 ;
528 665 760 708 totidemque
780 676 845 699 suo
864 665 933 698 tibi
952 665 1099 699 nomine
1120 663 1280 701 Pallasss’

283 717 359 751 Vix
377 729 420 752 ea
438 718 537 751 fatus
557 721 635 751 erat
654 731 662 759 3
691 718 877 763 defixique
898 730 960 752 ora
978 718 1155 752 tenebant
1402 717 1444 737 ⁵²⁰

230 770 370 805 AEneas
388 771 628 805 Anchisiades
647 774 684 805 et
703 771 797 805 fidus
816 771 987 815 Achates,

229 823 426 868 Multaque
445 824 536 858 duro
557 836 621 858 suo
640 824 739 858 111311
758 836 841 858 011111
860 825 966 858 corde
987 825 1167 869 putibant
1186 837 1193 860 :

229 877 268 910 N
269 879 283 910 1
302 877 447 921 signum
466 877 557 911 coelo
578 877 760 921 Cytherea
778 877 937 912 dedisset
956 880 1091 922 aperto.

228 929 402 974 Namque
421 930 617 974 improx‘iso
636 931 801 964 vibratus
820 931 865 964 ab
884 931 1019 965 aethere
1039 931 1160 975 fulgor

229 983 323 1017 Cum
342 983 466 1017 sonitu
486 983 586 1016 venit
604 997 611 1024 ;
640 986 677 1017 et
696 995 799 1017 mere
819 984 940 1017 omnia
958 984 1037 1017 visa
1055 986 1218 1027 repente,

228 1035 509 1080 Tyrrhenusque
528 1037 630 1070 tuLae
648 1037 787 1079 mugire
806 1048 870 1080 per
888 1037 1025 1070 aethera
1043 1036 1198 1080 clangor.

230 1088 442 1133 Suspiciunt
460 1101 466 1123 :
495 1088 631 1122 iterum
649 1092 760 1133 atque
779 1089 914 1123 iterum
933 1090 1054 1133 fragor
1071 1090 1216 1123 intonat
1234 1089 1363 1134 ingens
1383 1102 1390 1125 :

229 1142 343 1176 Arma
361 1142 458 1176 inter
476 1142 626 1185 nubem,
644 1142 725 1176 coeli
744 1142 783 1176 in
800 1142 946 1186 regione
966 1145 1103 1185 serena,

231 1195 304 1228 Per
324 1195 458 1228 sudum
477 1195 628 1229 rutilare
647 1195 788 1238 vident,
811 1198 847 1229 et
867 1196 972 1240 pulsa
990 1198 1127 1230 tonare.

232 1248 462 1292 Obstupuere
482 1249 612 1282 animis
632 1248 694 1282 alii
714 1261 722 1290 ;
751 1248 814 1282 sed
834 1249 963 1283 Troius
982 1249 1089 1282 heros
1402 1247 1446 1268 ⁵³⁰

231 1301 395 1345 Agnovit
415 1301 588 1344 sonitum,
611 1308 647 1335 et
667 1302 773 1335 Divae
792 1302 969 1346 promissa
986 1302 1156 1347 parentis.

231 1354 325 1388 Tum
344 1357 523 1388 memorat
545 1367 551 1389 :
583 1355 610 1373 “
625 1354 685 1389 Ne
704 1366 803 1399 vero,
824 1355 968 1399 hospes,
990 1367 1037 1389 ne
1056 1367 1177 1400 quaere
1197 1355 1361 1400 profecto

233 1407 351 1449 Quem
371 1419 493 1442 casum
512 1410 684 1452 portenta
702 1408 823 1442 ferant
843 1422 851 1450 3
881 1420 946 1453 ego
966 1420 1092 1452 poscor
1112 1408 1279 1453 Olympo.

232 1460 316 1495 Hoc
335 1460 481 1505 signum
500 1461 630 1494 cecinit
650 1461 842 1495 missuram
862 1462 958 1496 Diva
977 1462 1145 1505 creatrix,

232 1513 272 1547 Si
289 1513 427 1547 bellum
445 1513 631 1557 ingrueret
652 1527 660 1556 ;
690 1514 943 1559 Vulcaniaque
962 1526 1062 1548 arma
1081 1526 1145 1559 per
1163 1526 1270 1549 auras
1405 1513 1448 1534 ⁵3⁵

232 1566 409 1601 Laturam
427 1566 574 1601 auxilio.

232 1618 320 1653 Heu
340 1622 491 1664 quantae
510 1619 650 1653 miseris
670 1620 786 1654 caedes
806 1620 1053 1654 Laurentibus
1072 1621 1214 1654 instant
1234 1623 1240 1656 !

232 1671 332 1714 Quas
350 1684 478 1716 poenas
496 1673 598 1716 mihi,
621 1673 755 1717 Turne,
778 1674 881 1707 dabis
899 1676 904 1708 !
936 1686 1046 1718 quam
1065 1675 1183 1708 multa
1203 1674 1270 1708 {ub
1289 1674 1409 1708 undas

233 1725 345 1759 Scuta
363 1725 496 1769 virum,
517 1725 723 1770 galeasque,
745 1729 782 1760 et
800 1727 909 1760 fortia
928 1738 1077 1771 corpora
1095 1727 1232 1770 volves,

233 1778 346 1822 Tybri
363 1781 467 1822 pater
486 1780 492 1812 !
522 1782 674 1823 poscant
693 1779 798 1823 acies,
821 1785 859 1813 et
878 1780 1017 1814 foedera
1034 1779 1247 1825 rumpant.''
1407 1779 1450 1798 ⁵⁴⁰

233 1830 327 1865 Haec
344 1831 409 1865 ubi
427 1831 526 1865 dicta
544 1831 660 1875 dedit,
682 1832 771 1866 solio
791 1844 828 1867 se
846 1833 945 1866 tollit
964 1834 1009 1867 ab
1027 1834 1103 1868 alto
1119 1847 1129 1875 3

232 1884 283 1918 Et
301 1885 462 1928 primum
481 1885 673 1919 Herculeis
692 1886 827 1929 sopitas
846 1886 991 1930 ignibus
1009 1898 1089 1920 aras

233 1937 383 1971 Excitat
401 1938 686 1982 hesternumque
705 1938 847 1983 Larem,
869 1951 1071 1984 parvoque
1091 1938 1248 1973 Penates

234 1989 361 2024 Laetus
379 1990 458 2024 adit
479 2003 485 2025 :
515 1994 652 2025 mactat
671 1991 783 2025 lectas
803 1992 849 2025 de
868 2004 966 2026 more
985 1993 1153 2026 bidentes

233 2043 429 2078 Evandrus
446 2043 594 2088 pariter,
615 2044 751 2088 pariter
772 2045 927 2089 Trojana
942 2046 1130 2090 juventus.
1407 2044 1449 2064 ⁵⁴⁵

234 2096 326 2130 Post
344 2097 431 2130 hinc
449 2097 495 2130 ad
514 2108 626 2131 naves
643 2098 822 2141 graditur,
845 2098 1031 2143 sociosque
1050 2099 1177 2132 revisit
1197 2110 1205 2134 ε

234 2148 399 2191 Quorum
417 2150 463 2183 de
483 2161 647 2193 numero,
670 2151 734 2195 qui
752 2163 828 2185 sese
847 2152 886 2185 in
906 2152 1001 2186 bella
1019 2154 1231 2196 sequantur,

233 2202 458 2236 Praestantes
478 2203 616 2236 virtute
635 2204 723 2247 legit
741 2217 749 2246 ;
778 2216 860 2248 pars
880 2208 999 2239 cetera
1017 2207 1133 2249 prona.

231 2255 367 2289 FeItur
383 2253 490 2300 aqua,
513 2257 704 2301 segnisque
724 2258 883 2291 secundo
902 2258 1030 2292 defluit
1049 2257 1161 2301 amni,

232 2307 380 2342 Nuntia
399 2311 556 2343 ventura
573 2310 730 2344 Ascanio
752 2322 948 2355 rerumque
966 2311 1163 2355 patrisque.
1404 2308 1448 2330 ⁵⁵⁰

231 2360 380 2396 Dantur
397 2361 482 2407 equi
502 2362 647 2396 Teucris
666 2363 855 2407 Tyrrhena
872 2364 1083 2408 petentibus
1102 2375 1189 2399 arva
1207 2375 1217 2400 z

1401 982 1443 1002 525
