1559 2584
381 521 438 578 P.
483 521 795 576 VIRGILII
850 520 1167 574 MARONIS

615 663 649 709 O
677 661 721 708 U
746 662 784 707 L
808 661 847 707 E
874 661 920 707 X

555 803 634 842 AD
681 802 931 841 OOTAVIU
940 802 1001 842 M.

221 1069 406 1114 LUSIMUS‚
430 1071 573 1114 Octavi,
595 1071 718 1115 gracili
736 1071 950 1104 modulante
970 1071 1106 1114 Thalia,

221 1124 358 1168 Atque,
384 1127 423 1158 ut
443 1125 613 1167 araneoli,
635 1127 783 1157 tenuem
803 1125 1040 1158 formavimus
1060 1137 1193 1168 orsum,

222 1176 393 1210 Lusimus
411 1189 417 1211 :
445 1178 534 1211 haec
553 1181 700 1221 propter
720 1178 852 1211 Culicis
872 1178 945 1211 sint
966 1178 1125 1211 carmina
1144 1178 1254 1213 dicta.

222 1229 350 1263 Omnis
370 1232 412 1263 ut
431 1231 602 1264 historiae
622 1243 686 1274 per
703 1231 834 1264 ludum
854 1233 1026 1264 consonet
1045 1231 1134 1265 ordo

222 1283 389 1318 Notitiae
407 1297 414 1318 ι
444 1284 572 1318 ducam
594 1295 711 1326 voces,
733 1284 818 1317 licet
837 1283 984 1317 invidus
1004 1284 1108 1317 adsit.

224 1336 396 1380 Quisquis
416 1337 485 1371 erit
504 1337 648 1381 culpare
668 1337 764 1370 iocos
784 1337 1003 1381 Musamque
1022 1340 1182 1381 paratus,

224 1389 390 1424 Pondere
410 1391 469 1424 vel
489 1390 621 1424 Culicis
640 1391 754 1424 levior
772 1391 941 1434 famaque
961 1391 1107 1424 feretur.

223 1443 412 1477 Posterius
431 1444 594 1487 graviore
615 1455 702 1477 sono
722 1444 790 1476 tibi
810 1443 919 1476 Musa
939 1444 1110 1487 loquetur

224 1496 374 1540 Nostra,
396 1497 539 1530 dabunt
558 1509 641 1530 cum
660 1508 804 1530 securos
822 1497 913 1529 mihi
931 1499 1095 1540 tempora
1114 1497 1267 1540 fructus,

224 1548 279 1584 Ut
297 1550 366 1583 tibi
385 1550 496 1594 digna
514 1553 580 1583 tuo
599 1550 785 1594 poliantur
804 1550 963 1583 carmina
982 1562 1098 1584 sensu.

278 1603 439 1637 Latonae
458 1603 653 1647 magnique
674 1603 773 1636 Iovis
792 1603 913 1646 decus,
936 1615 1045 1637 aurea
1064 1604 1192 1647 proles,

226 1655 397 1689 Phoebus
417 1657 485 1690 erit
504 1657 620 1690 nostri
639 1657 804 1700 princeps
824 1659 860 1689 et
881 1656 1048 1690 carminis
1068 1661 1207 1700 auctor,

225 1708 275 1742 Et
293 1710 477 1743 recinente
497 1710 576 1754 lyra
595 1710 729 1753 fautor,
752 1710 826 1743 sive
848 1710 979 1743 educat
999 1710 1104 1743 illum

226 1763 320 1796 Acta
340 1763 549 1797 Chimaereo
570 1763 712 1797 Xanthi
731 1763 877 1807 perfusa
894 1763 1047 1806 liquore,

227 1816 299 1849 Seu
317 1816 427 1850 decus
446 1817 621 1859 Asteriae,
645 1828 709 1850 seu
728 1828 800 1860 qua
820 1816 993 1849 Parnasia
1010 1828 1118 1860 rupes

227 1868 326 1902 Hinc
344 1873 456 1914 atque
475 1870 560 1903 hinc
578 1870 705 1914 patula
724 1870 939 1914 praepandit
959 1881 1092 1903 cornua
1112 1870 1244 1914 fronte,

227 1921 477 1967 Castaliaeque
497 1935 629 1956 sonans
648 1923 789 1967 liquido
809 1923 900 1966 pede
920 1923 1056 1956 labitur
1077 1923 1182 1956 unda.

227 1975 358 2019 Quare,
382 1977 493 2010 Pierii
512 1977 629 2010 laticis
649 1977 770 2019 decus,
793 1976 855 2019 ite,
879 1988 1016 2009 sorores

228 2028 264 2061 N
268 2029 401 2073 afficies,
425 2033 461 2063 et
481 2030 658 2064 celebrate
678 2030 787 2063 deum
807 2029 958 2062 ludente
979 2030 1115 2063 chorea.

228 2081 276 2115 Et
296 2084 338 2116 tu
358 2085 484 2117 sancta
503 2083 621 2126 Pales,
644 2083 690 2116 ad
711 2095 820 2127 quam
839 2085 996 2116 ventura
1014 2082 1167 2116 recuirit

228 2134 425 2178 Agrestum
445 2137 541 2170 bona
559 2148 647 2179 sors,
671 2136 699 2169 si
719 2148 792 2180 qua
811 2139 866 2169 est
885 2136 953 2169 tibi
973 2148 1059 2170 cura
1078 2135 1240 2169 tenentis

232 2187 355 2223 Aerios
374 2201 563 2223 nemorum
582 2190 696 2223 saltus
715 2190 896 2234 silvasque
915 2189 1074 2223 virentes
1092 2202 1098 2223 :

228 2240 278 2274 Te
298 2243 444 2277 cultrice
464 2255 577 2286 vagus
597 2243 710 2276 saltus
730 2243 826 2276 seror
844 2243 940 2276 inter
960 2245 996 2276 et
1015 2246 1123 2278 astrr.

282 2296 331 2329 Et
349 2299 405 2339 tu,
427 2296 485 2329 cui
505 2296 643 2329 meritis
663 2297 779 2329 oritur
798 2296 931 2329 fiducia
951 2296 1096 2339 chartis,

229 2346 359 2383 Octavi
380 2349 595 2392 venerande,
618 2350 707 2382 meis
726 2350 882 2383 allabere
902 2349 1049 2392 coeptis,

237 2402 367 2437 Sancte
387 2414 477 2446 puer
495 2415 502 2437 ;
531 2403 600 2436 tibi
620 2414 777 2447 namque
798 2402 895 2436 canit
916 2414 988 2436 non
1009 2402 1108 2446 pagio
1132 2401 1283 2445 bellum,

1416 1549 1442 1569 Ιι)

1418 1815 1442 1835 1⁵
