1559 2584
163 82 245 121 214

641 91 829 123 VIRGILII
857 93 1013 124 AENEIS.

267 176 381 213 Pulsa
399 178 517 224 cadat,
537 179 694 224 patriam
711 181 880 215 remeabo
898 180 1076 225 inglorius
1093 178 1261 216 urbem.’'

269 232 402 266 Audiit
420 245 430 274 3
458 235 496 266 et
513 233 592 266 voti
610 233 774 267 Phoebus
793 233 985 267 succedere
1003 236 1147 278 partem

268 283 399 319 Mente
417 284 530 328 dedit,
554 288 697 330 partem
715 286 880 320 volucres
899 286 1071 330 dispersit
1089 286 1129 320 in
1147 298 1254 321 auras
1273 298 1281 322 ε

270 337 459 372 Sterneret
476 340 521 372 ut
539 337 663 373 subita
680 338 868 373 turbatam
886 341 1005 373 morte
1025 338 1229 383 Camillam,

268 390 416 426 Annuit
433 390 554 425 oranti
572 404 581 433 3
608 390 780 425 reducem
797 394 842 425 ut
859 390 979 436 patria
996 391 1073 426 alta
1089 392 1244 435 videret,

269 442 360 478 Non
378 442 482 478 dedit
498 457 507 486 3
534 443 646 488 inque
665 443 786 478 Notos
804 455 932 478 vocem
952 445 1092 479 vertere
1110 444 1288 489 procellae.

269 495 381 540 Ergo,
401 498 445 531 ut
463 496 574 531 missa
591 507 704 531 manu
723 496 886 531 sonitum
903 496 1008 531 dedit
1025 496 1131 531 hasta
1149 509 1214 541 per
1231 508 1348 541 auras,

269 547 491 583 Convertere
509 549 649 583 animos
667 560 777 593 acres,
798 548 994 594 oculosque
1013 549 1132 584 tulere

270 601 404 636 Cuncti
423 601 470 636 ad
488 601 652 647 reginam
670 601 796 636 Volsci
816 615 823 637 z
851 602 944 636 nihil
962 603 1041 647 ipsa
1058 614 1178 646 neque
1197 614 1295 637 aurae

270 653 310 688 N
312 666 352 689 ec
371 654 512 688 sonitus
530 666 680 698 memor,
702 657 768 689 aut
786 655 969 689 venientis
988 655 1034 689 ab
1053 655 1189 689 aethere
1207 655 1285 699 teli,

270 706 391 742 Hasta
410 708 477 742 sub
496 710 678 742 exsertam
698 707 814 741 donec
832 708 972 752 perlata
989 708 1162 752 papillam

270 760 404 804 Haesit,
427 761 706 805 virgineumque
726 761 800 795 alte
819 761 914 801 bibit
933 764 1014 795 acta
1034 773 1208 795 cruorem.

271 813 504 847 Concurrunt
522 813 675 858 trepidae
696 814 856 857 comites,
879 814 1137 858 dominamque
1155 817 1325 849 ruentem

272 866 484 910 Suscipiunt
502 879 509 901 2
537 867 634 910 fugit
653 869 738 900 ante
758 878 883 900 omnes
902 865 1100 900 exterritus
1120 867 1277 911 Arruns,

272 919 423 953 Laetitia
440 919 632 963 mixtoque
652 922 753 952 metu
771 933 779 961 3
808 931 874 953 nec
889 919 967 963 jam
987 920 1143 963 amplius
1163 920 1282 955 hastae

274 972 442 1016 Credere,
464 984 531 1006 nec
549 972 633 1006 telis
652 983 837 1006 occurrere
856 972 1008 1016 virginis
1027 972 1147 1007 audet.

274 1025 330 1059 Ac
348 1025 451 1059 velut
469 1025 543 1068 ille,
564 1025 664 1068 prius
684 1036 796 1068 quam
813 1025 888 1058 tela
906 1025 1052 1059 inimica
1071 1029 1283 1070 sequantur,

275 1077 461 1112 Continuo
480 1078 519 1110 in
538 1081 682 1111 montes
701 1089 777 1110 sese
797 1078 900 1111 avius
919 1078 1061 1111 abdidit
1080 1078 1186 1122 altos,

275 1130 402 1164 Occiso
421 1133 576 1174 pastore,
598 1130 720 1174 lupus,
743 1142 921 1173 magnove
936 1131 1108 1174 juvenco,

275 1183 449 1218 Conscius
468 1183 615 1217 audacis
633 1183 723 1216 facti
742 1197 750 1224 ;
779 1183 1004 1227 caudamque
1023 1184 1229 1218 remulcens

276 1236 440 1280 Subjecit
459 1237 687 1280 pavitantem
706 1239 823 1279 utero,
846 1237 1040 1280 sylvasque
1059 1237 1192 1280 petivit
1211 1249 1219 1272 ε

275 1289 390 1323 Haud
409 1301 510 1323 secus
530 1301 576 1323 ex
596 1289 710 1322 oculis
729 1301 766 1322 se
785 1289 955 1322 turbidus
975 1289 1127 1323 abstulit
1147 1291 1300 1334 Arruns,

276 1342 554 1386 Contentusque
573 1343 661 1386 fuga
679 1342 808 1375 mediis
827 1353 864 1375 se
883 1342 1080 1376 immiscuit
1099 1343 1217 1377 armis.

276 1395 347 1429 Illa
364 1407 476 1429 manu
496 1395 653 1429 moriens
673 1395 788 1429 telum
808 1395 923 1429 trahit
934 1409 942 1437 ;
971 1407 1049 1429 ossa
1068 1396 1131 1429 sed
1149 1396 1247 1430 inter

275 1449 429 1483 Ferreus
449 1449 495 1483 ad
515 1451 631 1482 costas
651 1449 726 1482 alto
747 1451 820 1482 stat
840 1449 990 1482 vulnere
1010 1461 1134 1483 mucro
1153 1462 1159 1484 :

276 1501 431 1536 Labitur
449 1502 643 1545 exsanguis
661 1515 669 1543 ;
698 1502 875 1535 labuntur
893 1502 1025 1546 frigida
1043 1502 1118 1535 leto

277 1555 435 1589 Lumina
451 1568 460 1596 3
488 1566 692 1599 puqnneus
713 1555 898 1599 quondam
918 1555 1015 1588 color
1033 1566 1096 1588 ora
1114 1555 1263 1599 reliquit
1283 1568 1291 1591 :

276 1608 370 1642 Tum
389 1609 439 1642 sic
458 1608 645 1652 exspirans
665 1608 812 1651 Accam,
835 1619 880 1641 ex
899 1608 1100 1651 {equalibus
1120 1620 1244 1652 unam,

275 1661 499 1705 Alloquitur,
523 1661 596 1694 fida
615 1663 700 1695 ante
719 1661 808 1695 alias
827 1673 910 1705 quae
929 1661 1004 1694 sola
1023 1661 1196 1705 Camillae,

277 1714 435 1755 Quicum
455 1714 583 1758 partiri
604 1726 706 1748 curas
726 1727 734 1755 3
763 1717 874 1758 atque
893 1714 970 1748 haec
989 1714 1042 1748 ita
1061 1715 1160 1748 fatur
1178 1727 1185 1748 :

279 1769 305 1786 “
322 1768 525 1811 Hactenus,
548 1769 647 1801 Acca
666 1779 778 1810 soror,
800 1767 905 1811 potui
926 1780 932 1801 :
962 1778 1061 1801 nunc
1081 1767 1216 1801 vulnus
1235 1768 1405 1802 acerbum

277 1820 445 1864 Conficit,
469 1824 506 1854 et
525 1821 686 1854 tenebris
705 1821 916 1864 nigrescunt
936 1820 1058 1853 omnia
1078 1820 1212 1854 circum
1235 1833 1241 1854 :

277 1873 419 1918 Effuge,
443 1877 480 1908 et
499 1874 578 1907 haec
599 1874 720 1907 Turno
740 1874 914 1907 mandata
933 1873 1130 1907 novissima
1148 1874 1267 1917 perfer
1284 1886 1291 1908 ε

277 1927 455 1961 Succedat
475 1938 621 1971 pugnae,
645 1927 893 1970 Trojanosque
912 1929 1032 1960 arceat
1051 1926 1148 1960 urbe.

276 1980 437 2024 Jamque
456 1979 575 2014 vale„
631 1980 747 2013 Simul
767 1980 824 2013 his
844 1979 951 2013 dictis
970 1979 1162 2023 linquebat
1181 1979 1353 2024 habenas,

278 2033 338 2068 Ad
358 2036 493 2067 terram
512 2045 587 2067 non
607 2036 737 2077 sponte
756 2033 873 2066 fluens
894 2045 900 2066 :
929 2035 1010 2066 tum
1031 2032 1163 2076 frigida
1182 2034 1262 2066 toto

277 2086 464 2121 Paulatim
486 2086 641 2120 exsolvit
661 2098 698 2119 se
718 2097 877 2130 corpore,
900 2086 1073 2129 lentaque
1094 2085 1185 2118 colla

277 2140 326 2173 Et
345 2142 493 2183 captum
513 2139 587 2172 leto
607 2139 729 2183 posuit
750 2142 871 2182 caput,
894 2149 994 2172 arma
1013 2138 1223 2182 relinquens
1244 2150 1251 2171 ι

277 2192 441 2236 Vitaque
461 2204 545 2226 cum
563 2193 704 2236 gemitu
724 2192 820 2236 fugit
839 2191 1030 2235 indignata
1049 2191 1117 2225 sub
1136 2190 1293 2225 umbras.

331 2245 425 2279 Tum
444 2257 528 2279 vero
548 2245 749 2278 immensus
769 2256 919 2288 surgens
938 2244 1023 2278 ferit
1042 2255 1151 2277 aurea
1170 2243 1306 2277 clamor

279 2297 404 2333 Sidera
425 2311 433 2340 3
461 2298 606 2342 dejecta
627 2298 807 2331 crudescit
827 2309 950 2342 pugna
970 2297 1122 2330 Camilla
1142 2309 1149 2330 :

282 2351 482 2386 Incurrunt
501 2351 605 2385 densi
625 2351 733 2384 simul
753 2350 871 2385 omnis
891 2350 993 2394 copia
1012 2350 1204 2393 Teucrum,

1444 282 1486 308 795

1445 546 1489 566 300

1446 814 1490 835 805

1449 1078 1493 1099 810

1452 1342 1493 1363 815

1453 1607 1496 1628 820

1455 1872 1496 1892 82⁴1

1457 2135 1500 2156 8:³0
