1528 2569
668 98 801 124 LIBER
831 97 876 124 11.

217 188 360 232 Oraque
379 186 571 221 corticibus
589 189 740 220 sumunt
758 185 938 220 horrenda
955 185 1092 220 cavatis
1108 198 1114 220 :

217 241 267 275 Et
285 244 334 284 te,
358 240 510 283 Bacche,
534 242 664 273 vocant
683 251 747 284 per
765 238 924 273 carmina
941 238 1039 280 laeta,
1061 239 1202 284 tibique

217 294 350 328 Oscffla
368 305 412 327 ex
426 294 501 327 alta
519 293 746 337 suspendunt
764 292 887 326 mollia
905 292 1004 336 pinu.

216 346 316 381 Hinc
335 346 452 380 omnis
469 346 568 390 largo
587 346 751 390 pubescit
770 346 876 379 vinea
893 345 987 378 foetu
1005 357 1011 379 :

217 400 455 444 Complentur
472 399 657 443 vallesque
677 410 774 432 cavae
793 401 979 442 saltusque
997 398 1184 442 profundi,

214 452 264 487 Et
283 464 512 497 quocumque
529 452 629 485 Deus
648 452 782 486 circum
801 454 909 495 caput
928 451 1001 495 egit
1020 451 1224 487 honestum.

215 506 311 550 Ergo
330 506 399 539 rite
417 517 523 539 suum
542 505 684 539 Baccho
703 505 864 538 dicemus
881 505 1055 538 honorem

216 559 444 593 Carminibus
462 558 600 603 patriis,
621 559 812 602 lancesque
832 560 868 591 et
886 557 960 591 liba
978 558 1135 591 feremus
1150 570 1159 600 ;

215 612 265 647 Et
285 612 417 646 ductus
436 623 548 645 cornu
567 612 680 644 stabit
703 623 801 644 sacer
819 612 941 644 hircus
959 611 1005 644 ad
1024 623 1136 654 aram,

215 665 444 708 Pinguiaque
462 664 501 697 in
522 664 678 697 verubus
696 664 914 697 torrebimus
933 666 1017 697 exta
1036 664 1202 699 columis.

269 718 336 751 Est
356 718 466 751 etiam
484 717 545 751 ille
564 717 665 750 labor
684 716 851 750 curandis
869 716 1005 750 vitibus
1023 717 1127 760 alter,

1369 93 1419 127 45

1385 338 1423 358 320

1389 606 1430 626 395

215 771 284 805 Cui
302 782 491 814 nunquam
510 769 679 803 exhausti
696 770 783 803 satis
802 771 857 803 est
875 782 881 803 :
910 781 1068 813 namque
1088 781 1193 803 omne
1213 771 1410 814 quotannis

215 824 356 868 Terque
376 826 576 868 quaterque
591 823 708 856 solum
726 822 978 865 scindendum,
1000 823 1177 866 glebaque
1199 825 1308 857 versis

214 878 413 911 AEternum
431 876 631 920 frangenda
649 876 858 910 bidentibus
878 889 886 917 ;
915 887 1021 909 omne
1040 876 1238 910 levandum

213 930 358 965 Fronde
376 941 513 963 nemus.
573 929 686 962 Redit
705 929 869 972 agricolis
886 929 988 962 labor
1005 931 1108 963 actus
1126 929 1166 963 in
1184 930 1319 971 orbem,

214 984 339 1027 Atque
357 983 396 1016 in
416 995 453 1016 se
472 994 537 1016 sua
554 994 618 1026 per
638 982 789 1026 vestigia
806 982 969 1016 volvitur
986 994 1113 1017 annus

214 1037 270 1071 Ac
286 1036 364 1080 jam
383 1036 469 1070 olim
489 1047 584 1069 seras
602 1036 724 1079 posuit
742 1047 856 1079 quum
875 1035 981 1069 vinea
999 1035 1158 1079 frondes,

214 1089 384 1133 Frigidus
403 1092 440 1123 et
458 1089 558 1123 silvis
572 1089 707 1133 Aquilo
726 1088 884 1122 decussit
903 1089 1077 1122 honorem
1097 1101 1106 1130 ;

214 1142 242 1176 J
244 1155 303 1176 am
320 1145 402 1176 tum
421 1154 500 1176 acer
519 1154 621 1176 curas
640 1142 846 1175 venientem
865 1142 1033 1175 extendit
1052 1142 1091 1175 in
1110 1154 1246 1176 annum

214 1195 400 1238 Rusticus,
423 1198 460 1229 et
479 1207 589 1229 curvo
609 1195 758 1228 Saturni
776 1195 886 1228 dente
904 1195 1069 1228 relictam

215 1248 453 1293 Persequitur
471 1249 584 1282 vitem
603 1248 810 1291 attondens,
833 1248 1011 1292 fingitque
1031 1248 1203 1292 putando.

215 1301 362 1336 Primus
380 1302 533 1335 humum
551 1301 679 1344 fodito,
702 1301 839 1345 primus
858 1302 1008 1335 devecta
1027 1304 1185 1336 cremato

215 1355 417 1397 Sarmenta,
439 1357 476 1387 et
495 1354 609 1388 vallos
627 1355 765 1398 primus
780 1354 846 1387 sub
864 1357 962 1388 tecta
980 1355 1113 1388 referto
1131 1367 1139 1396 ;

214 1408 427 1442 Postremus
445 1408 584 1441 metito.
645 1407 708 1440 Bis
727 1407 864 1440 vitibus
883 1407 1020 1450 ingruit
1039 1408 1168 1442 umbra
1186 1419 1195 1448 ;

214 1461 279 1495 Bis
298 1463 456 1504 segetem
475 1460 596 1494 densis
615 1460 804 1494 obducunt
823 1460 987 1494 sentibus
1005 1461 1127 1494 herbae
1144 1473 1151 1495 τ

212 1514 338 1549 Durus
356 1516 510 1557 uterque
530 1514 640 1547 labor.
701 1513 867 1547 Laudato
885 1514 1047 1557 ingentia
1065 1526 1149 1548 rura
1164 1526 1174 1549 t

212 1567 398 1611 Exiguum
417 1567 534 1601 colito.
594 1567 750 1600 Necnon
769 1567 880 1600 etiam
898 1579 1023 1611 aspera
1036 1567 1132 1602 rusci

212 1620 363 1654 Vimina
381 1632 444 1664 per
458 1620 610 1663 sylvam,
632 1623 669 1653 et
687 1620 773 1664 ripis
792 1620 947 1654 fluvialis
965 1621 1105 1655 arundo

213 1673 376 1707 Caeditur
393 1687 400 1715 3
428 1673 630 1717 incultique
649 1676 790 1707 exercet
810 1685 896 1707 cura
914 1674 1039 1707 salicti.

211 1727 238 1761 J
240 1739 299 1761 am
317 1727 450 1760 vinctae
470 1727 574 1770 viteS,
592 1726 670 1770 jam
688 1727 817 1760 falcem
837 1727 985 1760 arbusta
1003 1737 1197 1771 reponunt,

212 1780 239 1813 J
241 1791 299 1814 am
319 1780 416 1813 canit
436 1780 581 1814 effectos
600 1782 783 1813 extremus
802 1780 937 1813 vinitor
955 1783 1059 1814 antes
1076 1793 1083 1815 :

213 1833 449 1867 Sollicitanda
467 1835 591 1866 tamen
609 1833 730 1875 tellus,
752 1833 944 1877 pulvisque
959 1834 1161 1867 movendus
1177 1849 1186 1875 3

212 1885 262 1920 Et
276 1886 354 1929 jam
373 1886 525 1919 maturis
544 1886 762 1920 metuendus
781 1886 930 1930 Jupiter
943 1887 1033 1921 uvis.

266 1938 412 1982 Contra,
434 1951 508 1972 non
526 1939 601 1972 ulla
620 1942 675 1973 est
694 1939 781 1973 oleis
800 1940 943 1973 cultura
963 1953 971 1981 ;
1000 1951 1117 1983 neque
1137 1939 1209 1974 illae

212 1991 433 2026 Procurvam
453 1995 645 2035 expectant
663 1993 804 2036 falcem,
825 1995 1033 2037 rastrosque
1054 1995 1208 2037 tenaces,

212 2044 334 2086 Quum
354 2045 463 2078 semel
481 2045 664 2078 haeserunt
683 2045 791 2088 arvis,
813 2057 991 2089 aurasque
1011 2046 1186 2080 tulerunt.

212 2097 298 2141 Ipsa
317 2098 404 2131 satis
422 2098 543 2141 tellus,
566 2110 680 2142 quum
699 2099 809 2131 dente
828 2099 1028 2132 recluditur
1046 2110 1153 2141 un00,

211 2151 351 2185 Sufficit
369 2151 571 2193 humorem,
594 2154 631 2184 et
649 2151 816 2194 gravidas
834 2163 917 2184 cum
935 2163 1079 2185 vomere
1099 2152 1220 2196 fruges
1237 2164 1244 2187 :

210 2203 293 2238 Hoc
304 2204 476 2248 pinguem
496 2207 533 2237 et
552 2204 721 2248 placitam
742 2204 828 2237 Paci
842 2205 1002 2238 nutritor
1020 2205 1162 2239 olivam.

210 2256 326 2290 Poma
344 2252 501 2301 quoque,
522 2260 565 2290 ut
585 2257 742 2301 primum
760 2259 908 2291 truncos
926 2258 1066 2292 sensere
1084 2258 1258 2299 valentes,

210 2310 259 2343 Et
278 2310 372 2344 vires
394 2310 552 2344 habuere
572 2322 666 2353 suaS,
689 2311 735 2344 ad.
755 2311 872 2345 sidera
889 2311 1023 2355 raptim

210 2362 260 2396 Vi
278 2363 423 2407 propria
442 2363 624 2407 nituntur,
647 2363 796 2408 opisque
815 2364 914 2398 haud
933 2364 1057 2408 indiga
1075 2366 1218 2398 nostrae.

1387 868 1425 889 400

1386 1139 1423 1158 «1Οὸ

1382 1400 1420 1420 110

1384 1664 1422 1684 415

1380 1934 1422 1954 420

1386 2193 1424 2212 425
