1528 2569
659 81 793 110 LIBER
823 81 864 109 X.

203 170 358 205 Dixerat
375 182 383 211 ;
411 173 448 204 et
467 170 597 204 dextra
616 170 804 204 discedens
821 169 968 214 impulit
985 169 1111 213 altam,

204 223 317 257 Haud
335 223 460 266 ignara
478 223 589 266 modi,
604 223 753 266 puppim
771 235 778 257 :
805 223 900 266 fugit
918 222 982 256 illa
999 234 1064 266 per
1081 223 1198 256 undas

204 276 323 319 Ocyor
340 285 377 309 et
391 276 514 320 jaculo
533 278 571 309 et
592 279 719 309 ventos
737 279 906 320 aequante
925 276 1070 319 sagitta.

203 328 296 362 Inde
314 329 395 361 aliae
413 328 570 362 celerant
589 340 722 362 cursus.
782 328 913 372 Stupet
931 327 1064 361 inscius
1081 328 1157 372 ipse

203 380 290 414 Tros
309 381 546 414 Anchisiades
563 394 571 422 ;
600 381 739 414 animos
756 383 880 414 tamen
899 381 1018 414 omine
1037 381 1136 414 tollit
1147 393 1155 422 ;

204 433 297 466 Tum
314 433 484 478 breviter,
507 445 636 476 supera
654 433 866 476 adspectans
881 445 1053 476 convexa,
1075 437 1243 477 precatur
1261 446 1269 468 1

206 486 232 504 “
248 486 356 519 Alma
374 497 503 530 parens
522 485 623 519 Idaea
642 486 763 529 deam,
787 485 859 530 (cui
878 485 1064 529 Dindyma
1083 486 1193 530 cordi,

203 538 476 582 Turrigeraeque
495 539 616 581 urbes,
637 538 826 583 bijugique
845 539 891 572 ad
911 539 1014 572 frena
1033 540 1154 573 leones
1172 540 1196 584 3)

203 591 259 624 Tu
278 592 367 624 mihi
385 603 483 625 nunc
501 603 632 635 pugnae
652 591 829 635 1111110οΡ5,
851 594 894 625 tu
912 592 981 625 rite
1000 593 1220 636 propinques

202 644 420 687 Augurium,
443 644 722 687 Phrygibusque
741 644 836 677 adsis
854 644 956 688 pede,
981 645 1077 687 diva,
1099 644 1298 678 secundo.’'

203 696 361 730 Tantum
380 697 509 730 effatus
527 709 534 730 z
563 699 600 730 et
618 697 757 730 interea
776 697 942 730 revoluta
960 697 1090 730 ruebat

203 748 354 782 Matura
366 749 445 792 jam
464 749 543 782 11100
562 749 648 791 dies,
672 751 890 793 noctemque
908 749 1064 792 fugarat.

256 801 438 844 Principio
458 801 561 834 sociis
579 801 701 844 edicit,
724 802 826 845 signa
844 804 1056 845 sequantur,

203 854 326 898 Atque
345 854 484 887 animos
503 857 631 897 aptent
650 854 770 897 armis,
791 866 996 898 pugnaeque
1016 857 1144 898 parent
1163 866 1209 889 se.

202 901 361 950 Jamque
380 907 420 940 in
438 910 632 950 conspeetu
651 907 805 940 Teucros
823 907 933 941 habet
952 909 989 941 et
1008 919 1073 941 sua
1092 911 1220 951 eastra,

203 960 311 994 Stans
331 960 425 993 celsa
444 960 482 993 111
502 960 614 1003 puppi
635 973 641 994 :
671 960 837 1003 clypeum
857 971 938 993 cum
958 960 1090 994 deinde
1109 961 1257 995 sinistra

203 1012 350 1046 Extulit
369 1012 566 1046 ardentem.
627 1012 828 1046 Clamorem
847 1013 894 1046 ad
914 1013 1030 1047 sidera
1048 1013 1186 1047 tollunt

203 1065 423 1099 Dardanidae
441 1078 460 1098 e
479 1066 593 1098 muris
614 1078 620 1099 :
649 1077 729 1109 spes
748 1066 873 1099 addita
892 1066 1042 1099 suscitat
1062 1066 1132 1100 iras
1153 1079 1160 1101 :

203 1118 288 1151 Tela
307 1130 416 1151 manu
432 1117 575 1161 jaciunt
595 1131 601 1151 z
631 1119 754 1162 quales
773 1119 840 1151 sub
861 1119 1017 1152 nubibus
1037 1120 1125 1152 atris

204 1170 421 1214 Strymoniae
442 1171 532 1204 dant
552 1172 654 1214 signa
672 1183 790 1214 grueS,
813 1174 923 1215 atque
943 1172 1078 1205 aethera
1096 1175 1245 1206 tranant

201 1223 293 1257 Cum
312 1224 447 1266 sonitu,
469 1224 690 1267 fugiuntque
708 1227 814 1257 notos
833 1224 986 1257 clamore
1004 1226 1172 1259 secundo.

202 1277 253 1310 At
272 1276 414 1310 Rutulo
433 1276 507 1319 regi
527 1276 751 1320 ducibusque
770 1288 812 1310 ea
831 1277 921 1310 mira
940 1277 1056 1311 videri

202 1329 386 1372 Ausoniis,
409 1329 525 1362 donec
543 1340 663 1363 versas
681 1329 728 1363 ad
746 1329 872 1363 littora
890 1341 1030 1374 puppes

201 1382 428 1426 Respiciuiit,
451 1385 645 1426 totumque
665 1382 775 1415 allabi
793 1383 965 1416 ela=sibus
984 1395 1118 1426 aequor.

200 1435 317 1469 Ardet
336 1446 428 1478 apex
447 1435 568 1478 capitI,
591 1435 779 1479 cristisque
797 1447 819 1469 a
839 1435 972 1469 vertice
991 1436 1136 1470 flamma

200 1487 397 1530 Funditur,
419 1490 457 1521 et
477 1491 597 1520 vastos
616 1488 726 1521 umbo
746 1489 860 1521 vomit
880 1500 1010 1522 aureus
1029 1489 1129 1532 ignes
1153 1502 1160 1524 ;

203 1540 288 1574 Νο11
308 1552 419 1583 secus,
444 1552 485 1574 ac
504 1540 644 1584 liquida
663 1540 691 1574 si
711 1541 858 1584 quando
877 1544 982 1574 nocte
1002 1545 1152 1576 cometae

202 1593 398 1637 Sanguinei
417 1593 569 1636 lugubre
588 1594 721 1627 rubent
739 1607 747 1635 ;
775 1597 840 1627 aut
860 1594 973 1628 Sirius
992 1595 1099 1628 ardor
1117 1608 1122 1628 :

200 1646 281 1689 Ille,
303 1647 401 1680 sitim
419 1647 636 1690 morbosque
654 1648 772 1680 ferens
791 1647 1004 1680 mortalibus
1023 1648 1139 1691 aegris,

200 1698 386 1742 Nascitur,
408 1702 445 1732 et
463 1699 556 1732 laevo
575 1700 766 1732 contristat
784 1700 922 1733 lumine
943 1701 1084 1734 coelum.

201 1751 315 1785 Haud
334 1754 457 1785 tamen
476 1752 604 1786 audaci
623 1753 745 1785 Turno
764 1753 896 1786 fiducia
916 1754 1021 1786 cessit

200 1804 343 1838 Littora
362 1805 564 1848 praeripere‚
587 1807 624 1838 et
647 1805 830 1838 venientes
848 1806 982 1849 pellere
1000 1808 1097 1840 terra
1117 1819 1125 1847 ;

201 1856 309 1891 Ultro
329 1857 467 1890 animos
486 1857 584 1890 tollit
603 1857 722 1900 dietis,
745 1860 855 1901 atque
874 1858 1036 1902 increpat
1056 1859 1152 1893 ultro
1171 1870 1178 1893 ε

204 1910 231 1928 “
244 1909 350 1950 Quod
372 1910 464 1943 votis
483 1910 646 1953 optastis,
669 1910 784 1953 alest,
806 1911 1026 1955 perfringere
1045 1911 1176 1946 dextra
1196 1924 1203 1946 :

200 1961 247 1996 In
266 1963 433 1996 manibus
453 1963 553 1996 Mars
572 1963 659 2006 ipse,
682 1963 750 1996 viri
767 1975 774 1997 :
803 1975 901 1997 1111110
921 1965 1084 2008 conjugis
1104 1967 1180 1998 esto

201 2012 361 2059 Quizque
381 2027 455 2049 sure
474 2016 633 2060 tectique
652 2027 790 2050 memor
808 2030 816 2058 3
845 2028 943 2050 1111110
962 2029 1092 2061 inagna
1111 2018 1243 2051 referto

200 2067 325 2111 Facta,
349 2071 492 2112 pati-iun
512 2068 645 2102 laudes.
709 2068 816 2102 Ultro
835 2081 1064 2104 occurramus
1083 2070 1129 2104 ad
1149 2070 1298 2114 undam,

199 2120 299 2155 Dum
318 2121 461 2165 trepidi,
485 2122 707 2165 egressisque
726 2121 851 2155 labant
871 2123 1022 2167 vestigia
1039 2123 1164 2167 prima.

199 2173 390 2207 Audentes
408 2174 556 2208 fortuna
570 2174 687 2218 juvat.
697 2174 717 2190 '⁷

199 2226 293 2260 Haec
311 2227 363 2260 ait
380 2240 388 2268 ;
416 2230 453 2261 et
472 2238 593 2261 secum
612 2229 742 2270 versat,
767 2239 858 2272 quos
877 2227 1008 2263 ducere
1027 2231 1165 2272 contra,

201 2278 273 2312 Vel
292 2279 425 2323 quibus
444 2280 605 2314 obsessos
624 2280 736 2324 pos>it
755 2281 968 2315 concredere
986 2293 1116 2316 11111105.

255 2331 399 2366 Interea
419 2333 554 2366 AEneas
574 2333 686 2366 socios
706 2333 750 2366 de
770 2333 952 2378 puppibus
971 2334 1054 2368 altis

1334 73 1410 108 179

1371 378 1412 398 2550

1369 642 1410 662 *255

1370 904 1410 925 '280

1370 1435 1410 1458 πο
