1528 2569
628 96 761 127 LIBER
790 98 867 127 XII.

200 187 240 222 N
241 197 280 222 ec
298 197 424 222 currus
441 196 595 232 usquam
617 188 728 232 videt,
749 187 984 231 aurigamque
1003 194 1169 220 sororem.

200 241 398 275 Cunctanti
415 239 531 274 telum
552 240 686 274 AEneas
704 241 814 274 fatale
834 241 1007 283 coruscat,

201 293 358 327 Sortitus
375 293 562 327 fortunam
580 294 714 334 oculis;
743 296 780 327 et
800 305 944 337 corpore
963 294 1045 326 toto

200 345 352 379 Eminus
370 345 559 389 intorquet
580 358 586 379 :
615 346 746 379 murali
765 346 905 379 concita
923 355 1113 388 nunquam

201 398 397 432 Tormento
415 398 465 431 sic
483 409 569 431 saxa
586 399 760 441 fremunt,
783 410 848 431 nec
873 395 1026 431 fulmine
1045 396 1141 430 tanti

199 450 408 484 Dissultant
427 451 593 494 crepitus.
656 449 780 494 Volat,
803 451 874 484 atri
892 450 1050 484 turbinis
1068 449 1198 492 instar,

199 503 367 537 Exitium
386 503 504 536 dirum
524 503 629 537 hasta
647 503 786 545 ferens;
815 514 966 546 orasque
984 501 1141 536 recludit

199 555 349 599 Loricae,
372 559 409 589 et
429 556 544 599 clypei
563 559 744 589 extremos
763 555 1006 599 septemplicis
1025 554 1129 588 orbes
1150 565 1158 588 ε

200 608 273 642 Per
290 609 452 642 medium
471 609 628 642 stridens
646 609 778 642 transit
796 609 923 642 femur.
984 607 1121 641 Incidit
1139 606 1233 640 ictus

200 661 334 705 Ingens
353 661 399 694 ad
418 664 553 694 terram
572 661 755 705 duplicato
773 661 910 705 poplite
929 661 1081 694 Turnus.

200 714 432 757 Consurgunt
450 714 588 758 gemitu
607 714 740 747 Rutuli
759 727 767 755 ;
794 716 968 757 totusque
987 712 1144 756 remugit

200 766 310 800 Mons
329 767 476 810 circum,
498 769 535 799 et
553 778 678 800 vocem
696 767 769 800 late
788 776 937 799 nemora
955 765 1030 799 alta
1048 765 1254 799 remittunt.

204 818 287 862 Ille,
308 819 458 852 humilis
476 819 714 862 supplexque,
733 819 854 852 oculos
874 818 1112 861 dextramque
1127 819 1336 862 precantem

199 871 429 919 Protendens
449 884 456 905 ε
489 873 514 889 “
534 871 715 916 Equidem
733 867 862 913 merui,
884 882 950 904 nec
969 870 1180 915 deprecor‚''
1200 869 1325 913 inquit
1344 881 1351 903 :

205 925 229 943 “
249 924 361 958 Utere
379 927 474 958 sorte
488 926 555 957 tua
573 936 579 958 :
607 924 728 957 miseri
746 926 782 957 te
802 924 831 957 si
851 934 923 967 qua
939 924 1099 967 parentis

201 977 361 1021 Tangere
380 988 466 1010 cura
483 979 616 1020 potest,
639 988 713 1019 oro,
737 976 823 1021 (fuit
842 979 878 1009 et
896 976 966 1009 tibi
986 976 1068 1010 talis

200 1030 376 1064 Anchises
394 1029 563 1074 genitor),
585 1029 708 1062 Dauni
725 1028 894 1062 miserere
913 1032 1068 1063 senectae
1085 1043 1094 1071 ;

200 1082 250 1116 Et
268 1093 338 1126 me,
361 1094 423 1116 seu
443 1093 571 1126 corpus
590 1082 785 1125 spoliatum
803 1081 940 1115 lumine
968 1082 1095 1126 mavis,

201 1135 329 1169 Redde
348 1135 446 1168 meis.
509 1134 641 1168 Vicisti
659 1148 667 1176 ;
697 1137 733 1168 et
752 1134 889 1168 vietum
908 1134 1059 1168 tendere
1077 1135 1217 1179 palmas

201 1188 355 1222 Ausonii
373 1187 495 1221 videre
513 1200 520 1228 ;
548 1190 614 1221 tua
633 1190 688 1221 est
707 1187 860 1221 Lavinia
878 1187 1013 1231 conjux
1034 1199 1041 1222 :

202 1240 366 1274 Ulterius
381 1252 426 1273 ne
444 1240 554 1273 tende
574 1240 673 1274 odiis.
683 1239 704 1257 ’²
760 1240 870 1273 Stetit
888 1251 969 1274 acer
987 1240 1024 1273 in
1045 1240 1153 1274 armis

201 1293 351 1336 AEneas,
369 1293 519 1326 volvens
538 1293 669 1336 oculos,
693 1292 934 1336 dextramque
953 1294 1121 1336 repressit
1139 1307 1146 1328 :

200 1345 250 1380 Et
264 1346 342 1390 jam
356 1346 506 1390 jamque
525 1345 638 1389 magis
656 1347 888 1379 cunctantem
906 1345 1049 1379 flectere
1077 1357 1193 1380 sermo

201 1398 377 1442 Coeperat,
401 1397 530 1431 infelix
547 1398 699 1432 humero
718 1409 830 1442 quum
850 1396 1020 1442 apparuit
1038 1399 1114 1432 alto

200 1450 350 1485 Balteus
370 1453 406 1484 et
425 1451 522 1484 notis
541 1451 724 1484 fulserunt
744 1450 888 1494 cingula
906 1450 1015 1484 bullis

201 1503 381 1537 Pallantis
399 1504 503 1548 pueri
521 1516 530 1544 ;
558 1503 697 1537 victum
716 1515 825 1547 quem
842 1503 993 1537 vulnere
1014 1504 1159 1538 Turnus

201 1556 399 1599 Straverat,
421 1559 532 1599 atque
551 1556 711 1589 humeris
728 1556 917 1589 inimicum
936 1556 1076 1600 insigne
1095 1557 1253 1600 gerebat.

200 1609 280 1652 Ille,
303 1607 417 1642 oculis
441 1612 634 1652 postquam
654 1608 741 1642 saevi
759 1612 997 1642 monumenta
1016 1609 1150 1643 doloris

201 1661 434 1705 Exuviasque
453 1661 587 1704 hausit,
610 1661 713 1694 furiis
733 1673 902 1695 accensus
921 1663 959 1695 et
977 1662 1032 1695 ira

202 1714 487 1757 Terribilis‚—“
503 1714 605 1747 Tune
623 1713 708 1747 hinc
728 1714 851 1758 spoliis
869 1714 998 1748 indute
1018 1726 1181 1749 meorum

201 1766 364 1810 Eripiare
383 1766 473 1799 mihi
489 1766 501 1800 'l
555 1766 680 1800 Pallas
699 1769 730 1800 te
745 1766 805 1799 hoc
824 1767 974 1810 vulnere,
1005 1767 1129 1800 Pallas

200 1819 380 1861 Immolat,
405 1821 441 1852 et
459 1830 605 1862 poenam
623 1819 796 1852 scelerato
815 1831 859 1852 ex
879 1820 1053 1863 sanguine
1073 1820 1193 1854 sumit.
1201 1820 1221 1837 '¹

201 1871 284 1905 Hoc
302 1872 437 1914 dicens,
459 1872 595 1904 ferrum
614 1871 764 1905 adverso
789 1872 856 1904 sub
876 1874 1019 1915 pectore
1039 1872 1162 1906 condit

200 1924 379 1958 Fervidus
398 1937 404 1958 :
434 1927 490 1957 ast
510 1924 563 1957 illi
584 1925 778 1957 solvuntur
797 1924 928 1968 frigore
955 1925 1116 1958 membra
1134 1938 1142 1966 ;

202 1976 364 2022 Vitaque
384 1988 466 2011 cum
484 1976 624 2022 gemitu
644 1976 740 2021 fugit
758 1977 948 2021 indignata
966 1978 1033 2011 sub
1051 1977 1208 2013 umbras.

1322 88 1404 127 2539

1364 289 1406 309 ‘vsso

1365 549 1406 570 92⁵

1364 813 1406 834 930

1364 1081 1406 1101 9:⁴5

1364 1344 1407 1365 9⁴0

1364 1607 1406 1628 945

1368 1872 1410 1893 9⁵0
