1528 2569
634 98 769 126 LIBER
798 97 861 125 111.
1356 87 1407 123 5³3

198 187 412 233 Imposstam
430 187 547 232 ruptis
567 187 749 221 flammam
768 186 949 230 exspirare
969 184 1120 219 caminis
1141 197 1149 219 z
1366 183 1409 203 ⁵³⁰

197 242 258 285 Et,
280 242 416 275 fessum
434 241 576 285 quoties
595 243 715 274 mutat
734 240 842 283 latus,
863 239 1057 272 intremere
1076 249 1221 272 omnem

160 295 164 298 ’
199 295 390 328 Murmure
409 294 642 334 Trinacriam,
665 296 702 326 et
722 293 854 326 coelum
873 292 1066 325 subtexere
1085 291 1197 325 fumo.

198 347 357 381 Noctem
375 347 475 380 illam
493 347 582 380 teeti
602 346 714 390 sylvis
734 345 906 379 immania
925 347 1088 378 monstra

197 400 437 434 Perferimus:
466 411 533 433 nee
553 411 635 443 quae
655 399 815 432 sonitum
835 398 898 431 det
917 409 1024 431 causa
1043 397 1217 431 videmus.

198 454 296 487 Nam
315 465 434 497 neque
454 456 556 486 erant
576 455 756 486 astrorum
775 452 888 495 igueS,
911 462 977 484 nec
995 450 1138 485 lucidus
1157 450 1274 485 aethra
1366 450 1407 469 ³⁸⁵

198 507 346 540 Siderea
364 507 469 550 polus
489 520 496 547 3
526 506 676 539 obscuro
696 505 759 538 sed
779 504 904 538 nubila
924 503 1026 547 coelo,

197 559 246 594 Et
265 559 390 593 lunam
409 560 447 592 iu
466 559 590 592 nimbo
609 569 683 592 nox
701 558 920 600 intempesta
938 556 1097 591 tenebat.

251 612 403 646 Postera
416 612 566 656 jamque
586 611 662 644 dies
681 611 797 654 primo
817 610 985 653 surgebat
1005 609 1094 652 Eoo,

198 665 498 708 Humentemque
516 665 659 697 Aurora
677 663 760 706 polo
780 662 982 695 dimoverat
1001 663 1167 695 umbram
1184 675 1193 705 3

198 718 320 758 Quum
339 718 460 751 subito
479 728 498 750 e
517 717 641 760 sylvis,
663 716 777 749 macie
795 715 960 748 confecta
977 717 1157 759 suprema,
1368 714 1409 734 ⁵²³⁰

198 771 322 814 Ignoti
340 782 436 804 nova
453 771 571 803 forma
588 769 658 802 viri
676 768 951 811 miserandaque
971 768 1074 801 cultu

197 824 380 866 Procedit,
403 823 628 867 supplexque
646 833 776 855 manus
795 821 841 855 ad
860 821 986 854 littora
1004 821 1134 855 tendit.

197 877 434 921 Respicimus.
495 876 584 909 Dira
602 875 757 918 illuvies,
779 875 1011 919 immissaque
1030 874 1154 918 barba,

200 929 416 963 consertum
435 931 581 972 tegmen
600 928 733 972 spinis;
761 930 800 961 at
821 931 939 961 cetera
958 927 1100 969 Graius,

198 983 247 1016 Et
267 983 452 1027 quondam
471 982 597 1026 patriis
616 981 662 1015 ad
682 981 829 1025 Trojam
847 980 977 1014 missus
995 980 1033 1013 in
1053 980 1172 1014 armis.
1367 979 1408 1000 ⁵⁹⁵

198 1036 309 1079 Isque
327 1036 391 1069 ubi
409 1035 613 1069 Dardanios
631 1034 778 1067 habitus
798 1036 835 1067 et
854 1034 960 1067 Troia
977 1033 1072 1066 vidit

198 1090 312 1122 Arma
329 1089 466 1133 procul,
488 1088 640 1132 paulum
658 1090 807 1131 aspectu
826 1087 1043 1120 conterritus
1063 1086 1181 1130 heesit,

200 1142 464 1186 Continuitque
484 1141 656 1185 gradum:
685 1151 771 1173 mox
790 1151 865 1173 sese
885 1140 931 1173 ad
951 1140 1075 1173 littora
1093 1151 1252 1184 praeceps

202 1195 295 1228 Cum
313 1195 403 1228 fletu
422 1194 662 1238 precibusque
681 1193 771 1226 tulit
792 1205 799 1227 ε
832 1194 858 1211 “
874 1193 945 1226 Per
964 1193 1082 1226 sidera
1100 1195 1227 1236 testor,

199 1247 270 1281 Per
288 1259 435 1292 superos
454 1250 565 1290 atque
583 1246 651 1280 hoc
671 1246 753 1280 coeli
771 1245 939 1290 spirabile
957 1245 1094 1288 lumen,
1368 1244 1411 1264 ⁶⁰⁰

198 1301 330 1335 Tollite
349 1312 419 1344 me,
441 1300 588 1341 Teu-eri;
617 1310 853 1343 quascunque
871 1299 1040 1332 abducite
1054 1301 1168 1332 terras
1188 1312 1195 1332 :

200 1354 282 1388 Hoc
301 1357 356 1388 sat
375 1354 453 1387 erit.
515 1353 594 1386 Scio
613 1364 671 1385 me
689 1352 826 1386 Danais
845 1363 864 1384 e
884 1351 1056 1385 classibus
1075 1363 1202 1394 unum,

201 1407 250 1441 Et
269 1407 364 1440 bello
385 1406 514 1440 Iliacos
534 1406 650 1439 fateor
668 1405 814 1448 petiisse
835 1405 992 1438 Penates
1013 1417 1020 1439 :

200 1460 273 1494 Pro
293 1471 377 1503 quo,
393 1460 425 1493 si
443 1459 585 1493 sceleris
604 1461 713 1491 tanta
732 1461 786 1491 est
805 1457 941 1506 injuria
960 1457 1086 1500 nostri,

199 1513 362 1558 Spargite
382 1524 439 1546 me
458 1512 498 1545 in
516 1512 650 1545 fluctus
669 1504 845 1555 vastoque
864 1511 1067 1554 immergite
1086 1513 1208 1554 ponto.
1367 1508 1410 1530 ⁶⁰⁵

200 1566 237 1600 Si
256 1577 374 1610 pereo,
396 1565 566 1599 manibus
584 1564 776 1598 hominum
795 1565 941 1608 periisse
956 1564 1141 1608 juvabit.''

199 1619 372 1653 Dixerat:
401 1622 438 1652 et
456 1629 575 1662 genua
594 1617 795 1661 amplexus,
817 1617 1042 1661 genibusque
1061 1617 1233 1650 volutans

198 1672 383 1706 Haerebat.
446 1671 518 1712 Qui
536 1671 596 1714 sit,
618 1670 698 1713 fari,
722 1682 795 1714 quo
814 1671 988 1714 sanguine
1008 1673 1141 1712 cretus,

201 1726 424 1766 Hortamur3
454 1736 535 1768 quae
555 1724 688 1757 deinde
707 1724 820 1767 agitet
840 1724 999 1766 fortuna,
1021 1724 1138 1757 fateri.

201 1778 283 1822 Ipse
303 1781 406 1822 pater
425 1777 591 1811 dextram
610 1777 799 1819 Anchises,
821 1776 919 1810 haud
939 1777 1058 1810 multa
1076 1779 1250 1819 moratus,

200 1831 275 1865 Dat
290 1830 432 1875 juveni,
455 1833 566 1873 atque
585 1830 747 1863 animum
767 1829 937 1873 praesenti
955 1830 1104 1873 pignore
1123 1830 1253 1863 firmat.

201 1883 269 1918 Ille
288 1884 375 1927 haeo,
400 1883 565 1927 deposita
583 1882 734 1916 tandem
753 1882 959 1925 formidine,
981 1883 1081 1915 fatur
1101 1895 1108 1916 :

204 1939 228 1955 “
242 1937 330 1971 Sum
349 1936 467 1981 patria
486 1947 531 1969 ex
551 1935 690 1978 Ithaca,
710 1947 828 1969 comes
846 1935 1002 1968 infelicis
1021 1935 1144 1976 Ulixi3

202 1990 349 2024 Nomen
368 1988 633 2023 Achemenides
653 2000 664 2029 ;
691 1988 836 2032 Trojam
855 1986 1019 2032 genitore
1038 1988 1240 2022 Adamasto

201 2043 366 2088 Pauper-e
383 2042 662 2087 (mansissetque
680 2042 824 2075 utinam
842 2042 992 2075 fortuna
1008 2041 1031 2086 ἔ)
1051 2042 1245 2085 profectus.

201 2096 273 2130 Hic
287 2108 357 2139 me,
380 2096 469 2129 dum
487 2094 621 2138 trepidi
641 2094 800 2128 crudelia
818 2094 945 2127 limina
963 2094 1150 2137 linquunt,

200 2150 436 2183 Immemores
455 2148 542 2182 socii
560 2149 664 2181 vasto
684 2147 851 2192 Cyclopis
869 2147 907 2180 in
926 2150 1032 2181 antro

200 2202 407 2244 Deseruere.
467 2201 608 2235 Domus
627 2201 725 2234 sanie
744 2200 970 2244 dapibusque
990 2200 1160 2243 cruentis,

203 2254 310 2288 Intus
329 2266 451 2298 opaea,
474 2254 620 2298 ingens:
650 2254 725 2297 ipse
745 2254 894 2296 arduus,
916 2254 1064 2297 altaque
1083 2254 1205 2298 pulsat

204 2307 340 2351 Sidera,
363 2307 438 2351 (Di,
459 2307 572 2341 talem
593 2308 698 2341 terris
717 2306 870 2340 avertite
889 2309 1030 2350 pestem
1049 2306 1072 2352 !)

203 2359 239 2393 N
243 2371 283 2394 eu
301 2359 382 2394 visu
401 2359 528 2404 facilis,
549 2371 616 2394 nec
635 2359 738 2394 dictu
757 2359 911 2394 affabilis
929 2359 1004 2393 ulli.

1369 1774 1411 1794 610

1371 2038 1412 2059 61⁹,

1370 2304 1413 2324 020
