1559 2584
113 119 163 155 94

600 129 784 156 VIRGILH
815 128 939 156 onus.

219 216 295 249 Aut
313 216 408 250 ferro
426 216 495 250 hoc
507 215 701 260 ’'—aperit
719 216 857 250 ferrum
877 216 975 260 quod
998 219 1096 251 veste
1116 217 1309 252 latebat-

222 270 247 287 “
261 269 493 313 Purpureum
511 269 624 313 patris
643 269 854 302 demsissem
872 270 1008 303 vertice
1026 271 1174 314 crinem,

216 322 295 356 Aut
314 323 404 356 mihi
422 323 604 366 praesenti
622 322 841 366 peperissem
859 323 1008 356 vulnere
1027 323 1180 358 letum.''

218 375 295 409 Vix
313 376 401 409 haee
420 376 596 418 ediderat,
619 387 701 409 cum
721 376 822 409 clade
842 376 1015 409 exterrita
1034 377 1132 410 tristi

217 428 390 462 Intonsos
408 429 525 462 multo
544 429 716 472 deturpat
734 429 883 472 pulvere
901 430 1030 473 crines,

217 481 267 516 Et
286 482 445 526 graviter
463 484 597 526 questu
617 482 743 515 Carme
763 482 962 526 complorat
981 483 1069 516 anili
1088 495 1094 517 z

221 536 248 554 “
263 535 293 568 O
313 535 403 568 mihi
420 547 518 568 nuuc
538 536 673 568 iterum
691 535 846 569 erudelis
864 535 1006 569 reddite
1025 535 1160 581 Minos,

220 588 251 621 O
271 589 405 622 iterum
424 591 569 622 nostrae
589 588 712 622 Minos
731 589 876 622 inimice
896 592 1072 632 senectae,

220 641 369 685 Semper
387 644 429 675 ut
449 645 513 675 aut
534 642 621 675 olim
640 644 747 676 natae
766 644 803 675 te
823 644 971 686 propter
990 643 1148 676 eundem

219 696 298 728 Aut
318 707 418 728 amor
437 695 585 728 insanae
605 695 747 729 luctum
766 696 926 739 portavit
945 696 1113 729 alumnae
1135 709 1141 730 :

220 748 317 782 Tene
336 759 402 792 ego
420 751 496 781 tam
517 749 624 792 longe
644 751 750 792 capta
769 751 879 792 atque
898 752 1025 783 avecta
1043 748 1206 793 nequivi,

220 801 309 835 Tam
328 813 436 845 grave
455 802 656 845 servitium,
677 805 756 835 tam
774 802 884 835 duros
903 814 1007 846 passa
1025 802 1177 845 labores,

201 855 403 901 *EffugerQ
426 857 469 888 ut
488 855 614 888 sistam
634 855 788 888 exitium
807 855 952 889 crudele
971 867 1134 889 meorum
1152 856 1163 890 2

219 908 300 942 Iam
319 909 391 942 iam
411 920 476 942 nec
494 909 599 942 nobis
619 920 671 951 ea,
695 920 787 952 quae
807 909 1020 952 senioribus,
1043 910 1161 942 ullum

219 960 355 995 Vivere
373 961 431 994 uti
450 962 592 1005 cupiam
611 962 708 995 vitae
726 973 849 1005 genus.
885 961 937 995 Ut
957 962 1045 1005 quid
1064 962 1075 996 2
1102 962 1179 1006 Ego
1200 974 1326 996 amens

220 1014 270 1048 Te
289 1017 424 1058 erepta,
447 1026 468 1047 0
487 1014 712 1058 Britomarti,
734 1015 805 1047 mei
824 1026 904 1058 spes
922 1027 996 1048 una
1015 1016 1182 1059 sepulcri,

221 1068 283 1111 Te,
306 1068 531 1111 Britomarti,
554 1068 651 1101 diem
670 1069 774 1112 potui
793 1068 990 1111 producere
1011 1068 1107 1102 vitae
1126 1069 1137 1102 2

219 1121 346 1165 Atque
365 1121 507 1154 utinam
527 1121 634 1154 celeri
652 1133 697 1154 ne
716 1123 863 1154 tantum
882 1124 985 1165 grata
1003 1121 1144 1156 Dianae

219 1173 388 1208 Venatus
408 1186 503 1207 esses
522 1175 622 1218 virgo
641 1176 778 1208 sectata
797 1174 970 1217 viroxum,

221 1227 354 1261 Cnosia
372 1228 445 1261 heu
465 1227 604 1261 Partho
624 1227 847 1261 contendens
867 1228 1004 1271 spicula
1024 1239 1136 1261 cornu
1152 1229 1161 1263 ἔ

221 1281 391 1315 Dictaeas
410 1293 533 1325 ageres
552 1281 598 1314 ad
617 1281 782 1324 gramina
800 1283 888 1314 nota
907 1281 1062 1324 capellas
1082 1294 1088 1315 :

222 1334 450 1379 Numquam,
472 1337 550 1368 tam
569 1335 702 1368 obnixe
721 1335 864 1378 fugiens
884 1334 1021 1367 Minois
1041 1346 1193 1378 amores,

222 1387 399 1432 Praeceps
418 1388 512 1421 aerei
531 1388 677 1431 specula
695 1388 741 1421 de
760 1388 896 1421 montis
916 1388 1062 1431 obisses,

223 1441 332 1475 Unde
352 1441 414 1474 alii
432 1441 566 1485 fugisse
585 1442 720 1484 ferunt,
744 1443 780 1474 et
799 1441 951 1474 numina
970 1441 1141 1484 Aphaeae

222 1494 386 1539 Virginis
405 1495 590 1537 assignant
609 1508 615 1535 ;
645 1495 718 1538 alii,
743 1506 814 1538 quo
835 1495 956 1528 notior
976 1506 1082 1538 esses,

222 1548 448 1592 Dictynnam
469 1548 592 1581 dixere
611 1550 677 1581 tuo
696 1548 742 1581 de
761 1548 907 1581 nomine
927 1548 1079 1582 Lunam.

224 1601 307 1635 Sint
325 1602 413 1635 haec
432 1613 519 1634 vera
537 1601 648 1634 velim
668 1614 677 1642 3
705 1601 795 1634 mihi
814 1603 922 1644 certe,
945 1604 1043 1644 nata,
1066 1601 1193 1645 peristi
1213 1614 1219 1636 :

223 1655 439 1699 Numquam
459 1666 525 1698 ego
544 1657 581 1688 te
601 1666 743 1687 summo
762 1654 978 1687 volitantem
998 1655 1036 1687 in
1055 1655 1190 1688 virtice
1210 1655 1345 1688 montis

223 1708 417 1752 Hyrcanos
436 1708 533 1741 inter
552 1708 701 1741 comites
720 1719 922 1751 agmenque
941 1708 1100 1741 ferarum

224 1762 462 1805 Conspiciam,
485 1773 552 1795 1100
569 1764 606 1795 te
625 1761 841 1794 redeuntem
860 1761 1027 1804 amplexa
1045 1761 1187 1795 131110110.

223 1814 365 1848 Verum
383 1815 471 1848 haec
490 1818 570 1848 tum
590 1826 664 1847 non
683 1815 733 1847 sic
751 1814 875 1858 gravia
894 1817 1005 1858 atque
1023 1815 1175 1858 indigna
1193 1815 1305 1858 fuere,

223 1868 330 1912 Tum,
352 1880 434 1901 mea
452 1868 611 1911 alumna,
634 1867 691 1901 tui
710 1879 792 1901 cum
812 1879 891 1911 spes
910 1867 1053 1911 integra
1071 1871 1247 1912 maneret,

223 1921 274 1955 Et
293 1933 364 1955 vox
385 1921 456 1955 ista
474 1933 572 1955 ineas
591 1921 757 1954 nondum
778 1921 976 1954 violaverat
996 1932 1108 1955 aures.

223 1976 320 2009 Tene
339 1975 450 2009 etiam
469 1975 499 2008 F
502 1978 634 2008 011311113υ
651 1974 742 2007 mihi
762 1974 917 2007 crudelis
936 1974 1099 2008 ademit?

224 2029 330 2071 Tene,
356 2040 376 2062 o
396 2029 472 2062 sola
489 2040 590 2062 meae
609 2027 758 2061 vivendi
777 2039 884 2061 causa
903 2030 1067 2061 senectae
1085 2027 1096 2061 2

226 2082 339 2126 Saepe
356 2082 423 2115 tuo
443 2081 542 2115 dulci
560 2081 810 2125 nequidquam
831 2083 936 2125 capta
956 2092 1093 2125 sopore,

224 2135 317 2169 Cum
337 2138 517 2179 premeret
537 2137 681 2177 natura,
704 2134 796 2168 niori
815 2146 873 2167 me
892 2134 985 2167 velle
1005 2133 1146 2178 negavi,

229 2188 277 2222 Ut
296 2188 365 2222 tibi
384 2188 534 2232 Corycio
553 2188 790 2232 glomerarem
809 2188 977 2221 flammea
995 2187 1083 2221 luto.

224 2241 305 2282 Quo
324 2253 422 2274 1111110
441 2253 511 2283 me,
533 2241 675 2284 infelix,
699 2243 763 2274 aut
783 2252 876 2284 quae
896 2252 953 2274 me
973 2241 1049 2274 fata
1068 2240 1283 2274 reservant?

223 2295 285 2328 An
304 2295 431 2337 nescis,
455 2306 528 2338 qua
545 2295 623 2338 lege
642 2294 755 2338 patris
775 2294 820 2327 de
839 2294 973 2327 vertice
992 2305 1134 2327 summo

225 2348 337 2382 Edita
355 2348 551 2381 candentes
570 2349 759 2391 praetexat
778 2358 939 2391 purpura
959 2358 1065 2380 canos
1081 2346 1092 2380 2

228 2401 329 2442 Quae
348 2401 470 2435 tenuis
489 2401 608 2444 patrio
627 2411 712 2443 prae
733 2400 780 2433 sit
799 2411 974 2444 suspensa
994 2399 1124 2443 capillo
1142 2400 1154 2434 ‘2

1390 271 1431 291 28⁰

1392 536 1433 558 585

1392 801 1433 822 290

1394 1067 1436 1088 293

1397 1600 1438 1620 305

1398 1866 1440 1888 ³11»

1400 2132 1442 2152 315

1399 2397 1442 2418 320
