1528 2569
671 96 805 124 LIBER.
834 96 872 124 V.

211 181 286 217 Dat
305 193 455 217 numero
475 183 596 228 capita
614 183 652 218 in
672 196 783 219 naves
804 197 811 219 :
839 183 1012 218 adhibete
1031 183 1189 219 Penates

210 237 259 270 Et
279 237 416 280 patrios
435 238 564 281 epulis,
586 240 624 270 et
643 249 734 281 quos
754 238 840 271 colit
859 238 990 281 hospes
1008 237 1166 272 Acestes.

210 289 404 333 Praeterea,
427 290 457 323 si
476 301 574 324 nona
593 290 689 324 diem
709 291 924 324 mortalibus
945 291 1082 324 almum

209 343 352 376 Aurora
371 343 556 386 extulerit,
573 343 757 387 radiisque
776 344 950 377 retexerit
965 344 1102 387 orbem,

209 394 334 429 Prima
353 395 434 429 citae
455 396 600 429 Teucris
620 408 754 440 ponam
773 397 971 430 certamina
986 397 1108 430 classis
1125 410 1134 439 3

210 447 355 492 Quique
374 449 510 492 pedum
531 460 638 483 cursu
657 450 768 492 valet,
791 452 828 483 et
848 449 923 493 qui,
946 449 1087 483 viribus
1106 449 1242 495 audax,

208 502 286 534 Aut
302 502 424 545 jaculo
444 502 581 535 incedit
600 503 738 546 melior,
761 502 948 536 levibusve
968 502 1122 546 sagittis,

209 554 281 588 Seu
300 555 411 588 crudo
430 555 512 588 fidit
530 567 691 599 pugnam
711 555 937 589 committere
957 558 1081 599 caestu,

208 607 340 641 Cuncti
359 608 492 651 adsint,
515 609 728 652 meritaeque
748 611 960 652 exspectent
979 608 1129 652 proemia
1147 608 1287 653 palmfe.

208 662 278 694 Ore
297 661 417 694 favete
437 672 573 704 omues,
596 664 633 694 et
653 660 785 704 cingite
805 664 971 704 tempora
989 661 1136 695 ramis.'’

261 713 318 747 Sic
336 714 447 756 fatus,
469 713 567 747 velat
585 716 753 747 materna
771 716 935 757 tempora
954 716 1075 757 myrto
1097 726 1105 748 ε

206 765 289 800 Hoc
308 765 489 810 Helymus
507 766 606 810 facit,
628 766 697 800 hoc
715 766 785 800 aevi
802 769 968 800 maturus
987 768 1146 809 Acestes,

205 819 289 853 Hoc
307 831 398 863 puer
419 819 597 853 Ascanius
613 832 622 860 ;
651 819 818 863 sequitur
843 831 933 863 quos
953 822 1071 853 cetera
1090 819 1214 863 pubes.

206 872 275 906 Ille
295 884 314 906 e
334 872 484 906 concilio
503 873 629 906 multis
649 884 731 906 cum
750 873 912 907 millibus
931 872 1008 906 ibat

205 925 265 959 Ad
284 925 482 969 tumulum,
504 928 636 969 magna
654 926 796 959 medius
815 926 1011 960 comitante
1031 928 1184 960 caterva.

205 978 279 1012 Hic
297 978 371 1012 duo
388 979 457 1012 rite
476 990 575 1013 mero
593 979 711 1013 libans
729 979 908 1013 carchesia
926 979 1069 1012 Baccho

207 1031 348 1065 Fundit
366 1032 481 1075 humi,
504 1032 578 1066 duo
596 1032 689 1066 lacte
709 1043 818 1076 novo,
840 1032 913 1066 duo
933 1033 1108 1076 sanguine
1127 1043 1227 1066 sacro
1243 1045 1253 1074 ;

208 1084 489 1129 Purpureosque
503 1085 595 1129 jacit
615 1086 731 1129 flores,
754 1097 796 1119 ac
814 1085 903 1119 talia
921 1085 1020 1119 fatur
1040 1097 1047 1119 :

210 1139 236 1156 “
250 1138 367 1181 Salve,
390 1141 512 1172 sancte
531 1150 662 1182 parens
680 1151 687 1173 :
716 1139 851 1172 iterum
870 1138 1018 1182 salvete,
1041 1138 1177 1182 recepti

207 1190 246 1224 Ν
248 1191 465 1236 equicquam
483 1191 632 1235 cineres,
654 1191 857 1235 animaeque
876 1191 1087 1235 umbraeque
1106 1193 1285 1235 paternae!

209 1243 295 1277 Non
314 1244 418 1278 licuit
437 1244 527 1278 fines
546 1245 673 1288 Italos,
695 1244 892 1289 fataliaque
911 1256 1010 1288 arva,

207 1297 246 1330 N
249 1309 288 1331 ec
305 1299 427 1331 tecum
446 1298 664 1341 Ausonium,
687 1297 895 1342 quicunque
914 1300 982 1341 est,
1004 1309 1164 1342 quaerere
1185 1298 1342 1342 Tybrim.

206 1350 359 1384 Dixerat
377 1351 454 1384 haec
471 1363 480 1392 3
507 1351 628 1395 adytis
648 1362 763 1395 quum
780 1350 940 1384 lubricus
959 1350 1086 1394 anguis
1104 1351 1150 1384 ab
1169 1350 1250 1384 imis

206 1403 353 1447 Septem
371 1404 498 1447 ingens
516 1415 635 1447 gyros,
657 1406 807 1448 septena
826 1403 1013 1437 volumina
1031 1403 1157 1446 traxit,

205 1457 408 1500 Amplexus
427 1457 567 1500 placide
586 1457 785 1500 tumulum,
807 1456 1000 1501 lapsusque
1019 1468 1083 1500 per
1102 1468 1181 1490 aras
1197 1469 1206 1499 ;

206 1509 382 1543 Coeruleae
402 1510 460 1544 cui
478 1512 581 1554 terga
599 1513 709 1553 notae,
731 1510 937 1543 maculosus
956 1512 993 1543 et
1012 1521 1101 1543 auro

206 1562 403 1607 Squamam
422 1563 639 1596 incendebat
658 1563 779 1607 fulgor
796 1575 803 1597 :
832 1574 898 1597 ceu
918 1563 1076 1596 nubibus
1095 1574 1199 1597 arcus

205 1615 310 1649 Mille
329 1616 443 1650 trahit
461 1616 578 1650 varios
597 1616 749 1650 adverso
768 1616 842 1649 sole
862 1616 1006 1650 colores.

205 1669 404 1713 Obstupuit
423 1669 503 1704 visu
524 1669 662 1703 AEneas
683 1682 689 1704 :
718 1669 779 1703 ille
798 1669 940 1713 agmine
954 1669 1063 1713 longo

205 1722 366 1756 Tandem
384 1723 481 1756 inter
499 1725 641 1767 pateras
660 1725 698 1756 et
716 1723 811 1756 levia
830 1722 959 1766 pocula
977 1734 1136 1766 serpens,

205 1775 425 1819 Libavitque
445 1776 568 1820 dapes,
591 1787 789 1820 rursusque
808 1776 980 1809 innoxius
999 1775 1072 1809 imo

206 1829 384 1863 Successit
402 1829 560 1872 tumulo,
583 1832 620 1862 et
639 1829 789 1873 depasta
807 1828 935 1862 altaria
953 1829 1071 1872 liquit.

206 1881 288 1915 Hoc
306 1882 421 1926 magis
440 1882 603 1926 inceptos
622 1882 778 1926 genitori
796 1882 978 1915 instaurat
998 1881 1152 1915 honores
1169 1893 1178 1923 ;

204 1935 384 1978 Incertus,
406 1935 600 1979 geniumne
620 1935 701 1978 loci,
724 1935 951 1968 famulumne
970 1934 1130 1978 parentis

204 1988 292 2023 Esse
310 1991 417 2032 putet
434 2001 441 2023 :
471 1989 579 2022 caedit
598 1988 727 2033 quinas
746 1988 791 2022 de
809 1999 908 2021 more
927 1987 1106 2030 bidentes,

205 2042 346 2086 Totque
365 2053 459 2084 sues,
480 2042 638 2076 totidem
656 2042 842 2085 nigrantes
860 2043 962 2084 terga
976 2040 1153 2084 juvencos
1171 2052 1179 2082 ;

204 2095 374 2139 Vinaque
394 2095 572 2129 fundebat
590 2095 724 2139 pateris
741 2108 750 2136 ;
777 2094 1008 2138 animamque
1027 2093 1181 2127 vocabat

203 2149 373 2182 Anchisae
392 2149 526 2192 magni,
548 2159 746 2192 manesque
764 2147 969 2181 Acheronte
988 2147 1166 2181 remissos.

204 2202 284 2236 Nec
302 2213 376 2235 non
396 2204 433 2235 et
453 2202 550 2245 socii,
574 2213 656 2246 quae
672 2201 802 2245 cuique
821 2203 877 2234 est
897 2200 1009 2243 copia,
1031 2200 1111 2233 laeti

203 2255 310 2289 Dona
327 2254 471 2296 ferunt3
500 2257 725 2298 onerantque
744 2265 835 2296 aras,
857 2255 1093 2297 mactantque
1107 2252 1284 2297 juvencos
1303 2264 1313 2289 :

204 2307 341 2341 Ordine
361 2308 477 2342 ahena
495 2309 617 2342 locant
636 2308 699 2341 alii
719 2321 726 2349 ;
754 2307 900 2351 fusique
919 2318 983 2350 per
1001 2306 1152 2339 herbam

205 2360 413 2405 Subjiciunt
431 2362 591 2396 verubus
609 2372 756 2406 prunas,
779 2362 815 2394 et
834 2360 970 2393 viscera
987 2361 1138 2393 torrent.

1217 2417 1238 2440 E
1263 2410 1282 2439 2

1392 343 1420 364 65

1390 608 1418 631 70

1386 1137 1414 1158 SO

1352 1298 1372 1315 9>

1385 1402 1412 1421 85

1384 1666 1413 1688 90

1385 1932 1412 1953 95

1371 2196 1411 2217 100
