1559 2584
373 462 435 517 P.
498 462 804 517 VIRGILII
865 463 1180 518 MARONIS

597 627 965 674 MORETUM.

274 863 353 897 IAM
371 874 446 896 nox
463 862 636 896 hibernas
654 862 710 895 bis
731 862 894 906 quinque
913 865 1099 906 peregerat
1118 862 1237 907 horas,

275 916 549 959 Excubitorque
569 916 665 950 diem
684 918 795 949 cantu
815 915 1045 960 praedixerat
1064 915 1137 949 ales
1155 928 1162 949 :

275 969 436 1003 Simulus
455 969 579 1013 exigui
597 969 716 1002 cultor
736 980 818 1002 cum
838 969 995 1002 rusticus
1015 969 1102 1012 agri,

278 1022 412 1056 Tristia
429 1025 608 1056 venturae
626 1025 794 1055 metuens
812 1022 949 1055 ieiunia
966 1022 1067 1064 lucis,

275 1076 445 1109 Membra
461 1075 561 1109 levat
579 1075 713 1109 sensim
732 1075 799 1108 w'li
817 1075 973 1108 demissa
991 1075 1154 1118 grabato,

275 1128 510 1172 Sollicitaque
529 1140 642 1162 manu
659 1128 829 1162 tenebras
847 1128 1013 1172 explorat
1032 1129 1179 1170 inertes,

275 1182 518 1226 Vestigatque
537 1182 672 1225 focum,
693 1182 812 1215 laesus
832 1193 940 1226 quem
959 1181 1117 1226 denique
1138 1181 1261 1216 sensit.

275 1236 458 1270 Parvulus
476 1238 606 1269 exusto
625 1235 835 1269 remanebat
854 1235 979 1279 stipite
997 1235 1132 1277 fumus,

275 1289 325 1323 Et
345 1289 434 1323 cinis
454 1289 633 1322 obductae
653 1289 793 1322 celabat
811 1288 952 1322 lumina
969 1300 1116 1332 prunae.

275 1342 461 1376 Admovet
479 1342 536 1375 his
554 1353 706 1386 pronam
726 1342 905 1375 submissa
923 1342 1044 1375 fronte
1063 1341 1263 1385 lucernam,

274 1396 325 1430 Et
343 1395 513 1440 producit
532 1407 600 1429 acu
619 1398 745 1439 stupas
763 1395 915 1428 humore
934 1398 1110 1438 carentes,

274 1449 424 1483 Excitat
444 1451 481 1482 et
499 1448 632 1482 crebris
650 1449 886 1492 languentem
905 1449 1053 1482 flatibus
1070 1448 1200 1492 ignem.

276 1502 439 1536 Tandem
459 1504 633 1546 concepto
653 1502 826 1535 tenebrae
845 1502 985 1545 fulgore
1005 1502 1181 1535 recedunt
1200 1515 1207 1543 ;

275 1555 522 1600 Oppositaque
541 1567 654 1589 manu
672 1555 797 1589 lumen
815 1555 981 1588 defendit
1000 1555 1046 1588 ab
1065 1567 1163 1598 aura,

275 1609 325 1642 Et
343 1611 479 1642 reserat
498 1609 652 1651 casulae,
675 1620 767 1652 quae
786 1608 987 1652 praevidet,
1010 1608 1103 1642 ostia
1122 1608 1224 1643 clavi.

278 1662 398 1696 Fusus
418 1665 496 1695 erat
515 1664 613 1695 terra
632 1661 810 1695 frumenti
827 1673 966 1705 pauper
985 1673 1134 1695 acervus
1153 1674 1159 1696 :

277 1715 378 1749 Hinc
398 1715 467 1749 sibi
486 1715 679 1759 depromit,
702 1717 883 1759 quantum
901 1726 1071 1748 mensura
1090 1715 1250 1758 patebat,

276 1768 377 1809 Quae
396 1769 452 1802 bis
470 1768 510 1802 111
529 1771 678 1802 octonas
697 1768 858 1802 excurrit
876 1767 1036 1811 pondere
1055 1768 1173 1801 libras,

277 1822 370 1855 Inde
389 1822 467 1855 abit
486 1821 703 1866 adsistitque
721 1822 851 1864 molae,
874 1833 1057 1865 parvaque
1077 1821 1225 1864 tabella,

275 1874 394 1916 Quam
413 1876 525 1909 fixam
543 1875 660 1919 paries
678 1875 759 1909 illos
778 1875 945 1909 servabat
963 1875 1003 1908 111
1021 1886 1121 1917 usus,

276 1928 435 1962 Lumina
452 1929 527 1962 fida
544 1929 640 1962 locat
658 1942 665 1970 ;
694 1929 856 1973 geminos
874 1931 956 1962 tum
974 1931 1075 1961 veste
1093 1928 1246 1962 lacertos

276 1981 436 2025 Liberat,
459 1984 508 2025 et,
531 1982 672 2016 cinctus
693 1982 840 2015 villosae
859 1981 1018 2026 tegmine
1039 1993 1177 2025 caprae,

274 2035 482 2069 Praeverrit
502 2035 618 2069 cauda
636 2035 753 2069 silices
771 2035 1031 2079 geminumque
1050 2035 1233 2068 molarem.

276 2089 444 2123 Advocat
462 2089 549 2122 inde
567 2100 698 2123 manus
717 2089 829 2132 operi,
850 2088 1010 2132 partitus
1029 2088 1214 2132 utrimque
1231 2099 1239 2122 ε

273 2141 396 2176 Laeva
414 2142 628 2185 ministerio,
651 2143 780 2176 dextra
800 2144 855 2175 est
873 2142 1017 2175 intenta
1034 2141 1157 2175 labori.

275 2195 379 2229 Haec
397 2198 496 2229 rotat
515 2195 668 2229 assiduis
686 2195 786 2239 gyris
804 2198 841 2228 et
859 2195 1019 2229 concitat
1037 2194 1162 2227 orbem
1183 2206 1190 2228 :

276 2247 400 2282 Tunsa
419 2248 525 2282 Ceres
543 2249 670 2292 rapido
690 2249 831 2282 silicum
851 2247 1010 2282 decurrit
1031 2248 1076 2281 ab
1095 2247 1182 2281 ictu.

277 2301 472 2335 Interdum
491 2302 606 2336 fessae
625 2302 789 2336 succedit
806 2302 911 2335 laeva
930 2300 1054 2343 sorori,

277 2355 522 2398 Alternatque
542 2355 647 2389 vicos,
707 2355 822 2389 Modo
840 2355 977 2388 rustica
995 2353 1155 2387 carmina
1173 2355 1310 2395 cantat,

279 2408 497 2452 Agrestique
517 2420 623 2441 suum
644 2409 784 2442 solatur
804 2419 890 2441 voce
909 2407 1070 2442 laborem
1088 2420 1096 2448 ;

1411 1340 1433 1359 Ιῡ

1411 1606 1433 1626 ΙΙ

1407 1872 1434 1893 911
