1528 2569
640 119 774 146 LIBER
803 119 880 146 ΧΠ.
1326 110 1407 146 233

199 207 356 250 Turmm,
378 210 415 240 et
433 207 568 241 obtutu
587 207 700 241 tacito
719 207 843 256 stetit:
873 208 1006 241 aestuat
1024 205 1151 250 ingens

196 260 276 294 Imo
295 260 334 293 in
352 260 457 293 corde
477 260 606 303 pudor,
628 260 818 304 mixtoque
837 260 978 294 insania
996 259 1109 302 luctu,

197 312 246 346 Et
263 312 367 346 furiis
386 312 545 356 agitatus
564 323 676 355 amor,
699 315 736 346 et
755 313 898 346 conscia
916 312 1042 346 virtus.

197 365 250 399 Ut
264 365 422 408 primum
440 365 609 398 discussae
627 365 779 408 umbrae,
800 368 837 398 et
855 365 921 398 lux
938 365 1082 398 reddita
1099 363 1227 407 menti,

196 418 378 451 Ardentes
396 418 583 451 oculorum
603 417 708 451 orbes
726 417 773 451 ad
792 418 928 451 moenia
945 418 1052 451 torsit

196 470 390 513 Turbidus,
413 481 505 515 eque
524 470 614 504 rotis
632 481 799 514 magnam
818 471 977 514 respexit
995 470 1042 504 ad
1059 470 1197 504 urbem.

194 523 286 556 Ecce
305 526 429 556 autem
448 523 602 556 flammis
619 523 717 556 inter
736 523 903 557 tabulata
921 523 1070 557 volutus

194 575 254 610 Ad
274 576 407 610 coelum
425 575 589 609 undabat
608 579 749 619 vorteX,
771 576 974 619 turrimque
992 575 1162 617 tenebat3

195 628 350 671 Turrim,
374 628 570 672 compactis
588 628 756 662 trabibus
776 640 885 672 quam
905 628 1082 662 eduxerat
1100 629 1190 672 ipse,

196 680 488 725 Subdideratque
507 684 616 724 rotas,
638 684 839 725 pontesque
857 681 1076 714 instraverat
1095 682 1198 715 altos.

199 735 225 752 “
238 733 264 767 J
266 745 325 767 am
340 733 418 777 jam
436 734 524 776 fata,
547 745 658 776 soror,
680 737 873 777 superant;
901 734 1034 767 absiste
1053 733 1205 774 morari;

197 785 278 826 Quo
296 786 408 829 Deus,
431 789 467 820 et
487 798 559 830 quo
579 788 670 820 dura
688 789 794 820 vocat
814 786 988 828 Fortuna,
1013 797 1227 830 sequamur:

197 839 278 873 Stat
297 839 458 872 conferre
476 850 626 872 manum
646 839 776 872 AEneae
788 852 796 880 ;
825 842 910 881 stat,
934 838 1106 882 quicquid
1127 839 1295 872 acerbum
1317 842 1382 881 est,

195 891 319 925 Morte
337 891 414 936 pati
425 905 433 932 ;
461 903 528 925 nec
546 903 604 925 me
622 891 840 934 indecorem,
861 903 1044 935 germana,
1068 891 1206 925 videbis

195 945 384 988 Amplius:
412 945 522 987 hunc,
545 956 620 987 oro,
643 944 719 978 sine
739 956 795 978 me
814 945 934 978 furere
953 947 1038 978 ante
1057 943 1254 978 furorem.''

195 997 300 1031 Dixit
311 1010 320 1038 ;
349 1000 386 1031 et
405 1009 424 1031 e
442 1009 550 1031 curru
569 997 702 1031 saltum
721 997 824 1030 dedit
843 1009 954 1041 ocyus
972 997 1067 1031 arvis
1078 1010 1087 1038 3

196 1050 340 1094 Perque
358 1050 493 1093 hostes,
515 1062 578 1094 per
596 1050 670 1084 tela
688 1050 776 1093 ruit,
798 1053 1039 1094 moestamque
1059 1061 1216 1083 sororem

196 1103 354 1146 Deserit,
376 1114 418 1136 ac
435 1103 561 1147 rapido
581 1114 688 1137 cursu
706 1103 827 1136 media
845 1103 991 1146 agmina
1008 1103 1156 1147 rumpit.

196 1156 252 1189 Ac
270 1156 387 1189 veluti
405 1156 540 1189 montis
559 1167 689 1189 saxum
707 1155 753 1189 de
772 1156 906 1189 vertice
925 1167 1084 1199 praeceps

198 1208 321 1249 Quum
338 1209 426 1252 ruit,
448 1209 616 1242 avulsum
634 1211 765 1249 vent03
794 1220 857 1242 seu
875 1208 1045 1241 turbidus
1062 1208 1178 1242 imber

197 1261 354 1305 Proluit,
376 1264 441 1295 aut
460 1262 565 1295 annis
584 1261 692 1295 solvit
712 1261 880 1305 sublapsa
897 1263 1081 1303 vetustas3

197 1315 330 1348 Fertur
347 1315 386 1348 in
405 1315 602 1358 abruptum
620 1325 752 1358 magno
769 1325 874 1348 mons
892 1314 1077 1358 improbus
1095 1316 1192 1358 actu,

197 1367 444 1412 Exsultatque
463 1368 551 1411 solo,
574 1367 706 1411 sylvas,
729 1369 904 1410 armenta,
927 1367 1096 1410 virosque

197 1421 396 1454 Involvens
416 1432 556 1455 secum:
586 1420 738 1464 disjecta
755 1431 820 1464 per
838 1420 982 1464 agmina
999 1419 1142 1453 Turnus

199 1474 257 1508 Sic
275 1473 375 1507 urbis
393 1474 468 1507 ruit
487 1473 533 1507 ad
552 1484 686 1516 muros,
707 1473 772 1506 ubi
790 1473 947 1517 plurima
964 1472 1046 1506 fuso
1365 1470 1408 1491 ⁶9⁰

199 1527 383 1571 Sanguine
404 1530 499 1560 terra
517 1526 653 1569 madet,
676 1525 905 1569 stridentque
923 1525 1116 1559 hastilibus
1136 1537 1233 1560 auree
1255 1539 1263 1567 ;

201 1579 461 1624 Significatque
479 1590 604 1622 manu,
626 1581 663 1612 et
681 1590 813 1623 magno
832 1578 941 1612 simul
958 1578 1087 1622 incipit
1105 1590 1166 1612 ore
1186 1591 1194 1612 :

202 1635 228 1651 “
248 1633 391 1667 Parcite
406 1633 497 1677 jam,
519 1632 664 1675 Rutuli,
686 1635 723 1665 et
742 1643 807 1665 vos
824 1632 898 1665 tela
916 1631 1091 1675 inhibete,
1114 1631 1238 1665 Latini
1257 1644 1264 1666 :

200 1685 436 1730 Quaecunque
455 1688 510 1719 est
528 1685 688 1728 fortuna,
710 1696 791 1718 mea
810 1688 865 1718 est
882 1697 890 1725 ;
918 1696 976 1718 me
995 1684 1117 1718 verius
1134 1696 1252 1718 unum

200 1739 273 1772 Pro
294 1739 395 1772 vobis
413 1739 534 1772 foedus
554 1738 666 1780 luere,
688 1740 725 1771 et
744 1737 935 1771 decernere
952 1735 1088 1770 ferro.'’

203 1791 406 1825 Discessere
424 1802 550 1824 omnes
568 1791 691 1833 medii,
711 1790 941 1834 spatiumque
960 1790 1103 1835 dedere.

253 1844 306 1877 At
324 1847 428 1888 pater
443 1844 594 1886 AEneas,
617 1843 742 1877 audito
762 1843 908 1876 nomine
928 1843 1052 1887 Turni,

202 1896 348 1930 Deserit
368 1899 404 1930 et
423 1908 558 1940 muros,
581 1899 617 1930 et
638 1907 797 1929 summas
816 1895 950 1929 deserit
969 1907 1067 1930 arces
1086 1909 1096 1938 ;

200 1949 484 1993 Praecipitatque
503 1961 622 1983 moras
642 1960 784 1989 omnes3
814 1960 923 1992 opera
941 1949 1063 1983 omnia
1076 1950 1228 1993 rumpit,

201 2001 351 2036 Laetitia
371 2003 558 2036 exsultans
575 2015 583 2043 ;
610 2001 905 2044 horrendumque
923 2002 1068 2036 intonat
1087 2003 1194 2035 armis
1212 2013 1221 2036 :
1369 2001 1409 2024 7⁰⁰

200 2055 370 2096 Quantus
392 2055 518 2097 Athos,
541 2057 606 2088 aut
625 2057 786 2098 quantus
805 2055 919 2098 EryX‚
941 2058 1005 2088 aut
1024 2056 1099 2099 ipse
1120 2055 1276 2090 coruscis

201 2107 325 2148 Quum
343 2108 467 2142 fremit
486 2108 640 2150 ilicibus,
664 2109 836 2151 quantus,
858 2107 1064 2151 gaudetque
1083 2108 1197 2142 nivali

202 2160 352 2194 Vertice
372 2172 409 2194 se
428 2161 600 2194 attollens
618 2162 722 2204 pater
741 2160 959 2204 Apenninus
977 2161 1024 2194 ad
1043 2173 1158 2195 auras.

198 2213 225 2247 J
227 2225 285 2247 am
304 2225 390 2247 vero
409 2216 446 2247 et
465 2213 598 2247 Rutuli
617 2213 782 2246 certatim
789 2226 798 2254 ς
817 2216 853 2246 et
871 2213 992 2256 Τιόὅε,
1015 2217 1052 2247 et
1071 2225 1195 2248 omnes

200 2266 419 2300 Convertere
439 2267 562 2300 oculos
581 2266 680 2308 Itali,
703 2266 839 2309 quique
858 2266 933 2299 alta
950 2267 1126 2300 tenebant
1367 2264 1408 2289 ⁷⁰⁵

198 2318 353 2362 Moenia,
376 2319 513 2363 quique
532 2319 624 2352 imos
643 2318 840 2362 pulsabant
858 2319 969 2352 ariete
988 2331 1111 2353 muros
1130 2333 1139 2361 3

198 2371 384 2416 Armaque
403 2371 601 2416 deposuere
619 2370 780 2405 humeris
797 2383 804 2406 :
833 2373 958 2416 stupet
975 2372 1052 2418 ipse
1071 2372 1225 2407 Latinus

1365 414 1407 437 670

1364 942 1406 962 GSO

1365 1206 1406 1226 685

1366 1735 1408 1756 695
