1528 2569
600 123 788 151 VIRGILII
819 123 976 151 CULEX.

252 212 414 254 Quercus
433 211 546 246 humo
564 225 571 247 :
601 213 779 245 steterant
798 223 936 253 omnes,
959 210 1144 254 silvaeque
1164 221 1315 244 sonorae

252 266 389 310 Sponte
407 277 472 299 sua
491 267 619 298 cantus
638 265 827 308 capiebant
846 264 977 298 cortice
995 275 1113 298 avara.

255 319 437 353 Labentes
456 318 595 362 biiuges
615 317 726 351 etiam
744 329 808 362 per
827 317 946 351 sidera
965 317 1092 350 Lunae

252 372 390 406 Pressit
409 382 521 415 equos
541 383 548 405 ε
578 374 614 404 et
633 374 676 404 tu
696 374 892 413 currentes,
914 373 1103 404 menstma
1120 368 1248 415 Virgo,

252 425 439 458 Auditura
456 424 586 468 lyram,
607 423 761 457 tenuisti
779 426 886 457 nocte
905 423 1040 456 relicta.

254 478 356 512 Haec
375 477 501 511 eadem
519 477 640 521 potuit
658 477 756 510 Ditis
774 479 813 510 te
831 477 974 509 vincere
994 475 1139 518 coniuX‚

254 530 535 575 Eurydicenque
553 530 652 563 ultro
670 529 875 563 ducendam
893 529 1045 562 reddere
1062 529 1074 562 ’ἓ
1128 528 1167 562 Ν
1168 539 1217 562 011
1234 528 1290 562 fas
1309 540 1317 563 t

254 584 342 618 Non
361 585 439 617 erat
456 583 613 616 invictae
632 583 738 616 divae
757 582 939 616 exorabile
958 593 1096 615 numen
1113 583 1120 616 1

256 637 326 671 Illa
346 636 506 680 quidem,
528 635 683 668 nimium
701 635 832 668 Manes
851 637 1002 678 experta
1020 645 1174 676 severos,

253 690 495 733 Praeceptum
514 688 680 732 signabat
697 688 779 730 iter,
801 698 868 721 nec
886 687 1013 720 retulit
1031 687 1133 720 intus

254 743 423 785 Lumina,
444 753 511 775 nec
530 741 635 774 divae
654 740 815 784 corrupit
833 751 985 773 munera
1003 739 1129 783 lingua
1147 750 1158 781 ;

255 795 326 830 Sed
344 797 389 828 tu
407 794 571 837 crudelis,
596 793 751 828 crudelis
770 796 813 827 tu
832 793 958 836 magis,
981 792 1142 836 Orpheu,

258 848 391 882 Oscula
409 859 491 881 cara
509 850 636 890 petens
655 846 788 890 rupisti
806 846 903 880 iussa
922 846 1081 879 deorum.

254 902 398 946 Dignus
416 911 517 934 amor
533 899 652 943 venia,
673 902 819 943 gratum
838 898 869 938 si
887 899 1037 932 Tartara
1054 899 1203 931 nossent

254 955 451 988 Peccatum
468 953 590 986 minus
609 964 685 986 esse
702 964 820 996 grave.
880 952 933 985 At
946 963 1012 985 nos
1031 951 1115 985 sede
1133 951 1288 995 piorum,

256 1008 336 1042 Nos
353 1009 477 1040 manet
494 1006 646 1039 heroum
665 1008 791 1039 contra
809 1016 949 1039 manus.
1009 1004 1082 1038 Hic
1101 1007 1138 1038 et
1156 1007 1313 1048 uterque

257 1060 444 1103 Aeacides,
466 1059 598 1092 Peleus
616 1070 775 1103 namque
794 1061 832 1091 et
851 1057 1059 1091 Telamonia
1077 1057 1207 1100 virtus,

257 1114 328 1148 Per
346 1124 471 1146 secura
487 1112 601 1156 patris
619 1112 806 1145 laetantur
823 1111 988 1154 numina,
1006 1122 1161 1154 quorum

258 1166 457 1201 Connubiis
476 1165 603 1199 Venus
621 1168 659 1198 et
678 1165 808 1198 Virtus
827 1164 990 1197 iniunxit
1007 1164 1193 1197 honorem.

257 1220 370 1254 Hunc
387 1219 510 1262 rapuit
530 1230 633 1252 serva
649 1231 658 1259 ;
686 1221 743 1251 ast
762 1218 867 1251 illum
886 1217 1018 1250 Nereis
1037 1216 1184 1250 amavit.

257 1272 405 1307 Assidet
423 1272 491 1305 hac
509 1271 660 1314 iuvenis,
684 1271 796 1304 sociat
815 1281 924 1314 quem
943 1269 1066 1313 gloria,
1088 1268 1206 1313 fortis,

258 1327 364 1368 Acer,
386 1325 609 1366 inemussus,
631 1324 790 1357 referens
809 1335 831 1357 a
849 1323 1003 1356 navibus
1022 1323 1123 1366 ignes

259 1378 437 1422 Argolicis
457 1377 636 1420 Phrygios
654 1379 760 1410 torva
776 1376 923 1410 feritate
942 1376 1114 1419 repulsos.

259 1432 290 1466 O
310 1431 391 1475 quis
409 1442 484 1464 non
502 1430 634 1463 referat
652 1430 736 1463 talis
755 1429 912 1463 divortia
930 1429 1029 1471 belli,

261 1484 361 1525 Quae
381 1484 506 1517 Troiae
525 1483 648 1516 videre
668 1482 748 1526 vin',
770 1482 966 1526 videreque
987 1481 1100 1523 Graii,

259 1537 410 1571 Teucria
428 1548 511 1570 cum
529 1547 661 1579 magno
680 1538 844 1569 manaret
864 1535 1038 1579 sanguine
1057 1535 1180 1578 tellus,

259 1591 309 1624 Et
328 1590 458 1623 Simois
476 1589 691 1632 Xanthique
709 1589 843 1632 liquor,
867 1588 1044 1632 Sigeaque
1063 1591 1206 1632 praeter

259 1644 385 1677 Litora
404 1655 487 1677 cum
506 1643 617 1676 Troas
636 1642 734 1675 saevi
753 1642 854 1675 ducis
874 1641 1044 1674 Hectoris
1062 1641 1116 1675 ira

259 1696 395 1730 Videre
414 1696 452 1729 in
469 1696 598 1729 classes
616 1695 763 1729 inimica
779 1697 902 1728 mente
921 1694 1091 1738 Pelasgas

261 1750 437 1792 Vulnera,
459 1749 545 1792 tela,
566 1760 685 1791 neces,
706 1749 808 1792 ignes
828 1748 961 1781 inferre
980 1750 1135 1791 paratos.

261 1803 346 1846 Ipsa
363 1802 457 1845 iugis
476 1813 633 1845 namque
653 1813 753 1834 arma
771 1803 900 1845 patens
918 1801 1088 1843 feritatis,
1111 1803 1149 1834 et
1167 1799 1264 1844 ipsas

262 1856 330 1889 Ida
347 1855 443 1888 faces
462 1855 572 1888 altrix
591 1854 732 1898 cupidis
750 1853 946 1898 praebebat
964 1853 1133 1896 alumnis,

261 1908 388 1942 Omnis
406 1910 449 1941 ut
468 1907 507 1940 in
526 1907 662 1941 cineres
680 1907 837 1940 Rhoetei
854 1906 971 1940 litoris
990 1917 1052 1940 ora

262 1961 444 1995 classibus
463 1960 639 1994 ambustis
658 1961 804 1994 flamma
823 1962 1016 2003 superante
1036 1959 1192 1993 daretur.

262 2014 362 2048 Hinc
380 2016 458 2047 erat
478 2013 678 2057 oppositus,
701 2016 828 2046 contra
847 2012 1077 2046 Telamonius
1096 2012 1214 2054 heros,

263 2067 487 2110 Obiectoque
507 2066 618 2099 dabat
638 2066 752 2110 clipeo
772 2065 969 2100 certamina
989 2078 997 2107 ;
1026 2068 1062 2098 et
1081 2065 1183 2098 illinc

263 2119 403 2153 Hector
422 2122 511 2162 erat,
535 2119 660 2152 Troiae
681 2130 864 2152 summum
884 2118 994 2151 decus
1012 2130 1019 2152 :
1048 2129 1129 2151 acer
1147 2120 1313 2162 uterque,

263 2173 494 2206 Fulminibus
515 2172 612 2206 coelo
631 2171 747 2205 veluti
765 2171 884 2214 fragor
903 2171 1023 2204 editus
1042 2171 1130 2214 alto,

263 2226 416 2269 Ignibus
434 2225 493 2258 hic
511 2225 666 2269 telisque
686 2236 793 2268 super
813 2224 843 2257 si
862 2224 1034 2257 classibus
1053 2225 1171 2268 Argos

263 2278 405 2322 Eripiat
424 2279 577 2321 reditus,
599 2278 660 2311 ille
678 2281 722 2311 ut
740 2277 923 2310 Vulcania
941 2277 1037 2311 ferro

265 2331 429 2365 Vulnera
447 2332 630 2375 proiectus
649 2331 828 2375 depellere
847 2330 1001 2364 navibus
1020 2330 1144 2365 instet.

267 2383 349 2418 Hoc
366 2387 444 2418 erat
463 2384 638 2418 Aeacides
657 2384 750 2418 alter
768 2383 925 2417 laetatus
943 2383 1078 2417 honore
1097 2395 1106 2425 ;

1412 113 1465 150 83

1425 261 1468 281 2210

1425 525 1467 545 ‘235

1425 789 1467 810 290

1431 1320 1470 1339 3υο

1432 1584 1472 1604 30⁵

1431 1847 1474 1869 ΞΗ,

1437 2113 1475 2133 5³1⁵

1439 2379 1478 2400 ππ
