1559 2584
135 95 218 133 236

607 104 793 132 VIRGILII
822 104 978 133 AENEIS.

243 193 470 237 Alloquitur,
488 193 593 227 fulva
611 205 751 237 pugnas
771 193 816 227 de
836 194 933 227 nube
952 196 1116 228 tuentem
1139 207 1146 229 :

246 248 271 265 ‘⁴
288 246 378 287 Quae
393 246 472 290 jain
491 246 574 279 finis
593 246 675 289 erit,
698 246 834 290 conjux
851 246 863 280 2
891 246 980 290 quid
999 247 1156 291 denique
1175 247 1317 283 restat?

243 297 454 343 Indigetem
474 299 620 332 AEnean
641 300 708 333 scis
727 299 816 343 ipsa,
839 301 877 332 et
897 300 986 333 scire
1005 300 1142 343 fateris,

241 352 376 385 Deberi
395 351 497 395 coelo,
519 352 677 396 fatisque
697 352 743 385 ad
762 352 880 385 sidera
898 352 980 385 tolli
998 365 1004 386 :

244 405 341 446 Quid
361 405 472 438 struis
490 405 501 439 2
529 407 594 438 aut
613 408 684 449 qua
704 417 766 449 spe
785 404 916 449 gelidis
934 405 973 438 in
992 405 1152 440 nubibus
1170 406 1312 441 haeres?

243 458 431 491 Mortalin'
453 458 576 491 decuit
596 458 724 492 violari
742 458 893 491 vulnere
912 458 1050 491 Divum
1068 458 1080 492 ’.ἰ

242 512 321 544 Aut
341 522 464 544 ensem
484 511 588 555 (quid
609 511 706 544 enim
725 511 801 544 sine
821 514 858 544 te
878 511 904 544 J
906 513 1043 545 uturna
1062 511 1200 546 valeret
1217 512 1243 557 2)

242 564 420 608 Ereptum
439 564 543 597 reddi
563 565 698 607 Turno,
721 567 758 597 et
777 564 853 597 vim
873 575 1028 597 crescere
1048 564 1181 599 victis?

240 617 375 651 Desine
390 617 468 661 jam
485 617 647 660 tandem,
670 615 910 661 precibusque
928 617 1113 651 inflectere
1131 617 1265 652 nostris
1283 631 1293 661 ;

242 670 322 704 Nec
341 673 378 704 te
396 673 523 704 tantus
543 671 628 704 edat
647 671 797 704 tacitam
816 670 920 704 dolor
940 683 948 711 3
977 673 1014 704 et
1033 670 1124 704 mihi
1144 683 1239 705 curae

244 723 346 767 Saepe
365 726 431 756 tuo
451 723 550 757 dulci
570 723 693 757 tristes
712 735 757 757 ex
777 735 838 757 ore
858 726 1052 757 recursent.

243 776 409 810 Ventum
427 777 474 810 ad
495 788 705 821 supremum
724 779 779 810 est
798 790 803 811 :
833 777 939 810 terris
958 777 1094 820 agitare
1116 778 1171 810 vel
1190 778 1300 811 undis

242 830 418 874 Trojanos
437 830 591 874 potuisti
608 843 616 871 ;
645 830 837 863 infandum
857 830 1052 863 accendere
1072 830 1209 864 bellum
1229 843 1237 871 ;

242 882 454 916 Deformare
474 883 624 917 domum
642 895 651 924 3
680 885 717 916 et
735 883 839 916 luctu
857 883 1006 916 miscere
1025 884 1234 928 hymenaeos
1252 896 1259 918 ε

242 935 407 969 Ulterius
425 939 568 970 tentare
589 935 712 969 veto.''
769 936 827 969 Sic
846 936 996 980 Jupiter
1016 948 1118 970 orsus
1138 950 1147 978 3

244 988 302 1022 Sic
320 989 399 1022 Dea
418 989 595 1022 submisso
616 992 741 1023 contra
761 988 932 1022 Saturnia
951 989 1079 1024 vultu:

247 1043 273 1060 “
290 1041 367 1075 Ista
387 1042 535 1086 quidem
556 1043 642 1086 quia
661 1045 748 1075 nota
767 1042 858 1075 mihi
875 1044 954 1085 tua,
976 1054 1116 1086 magne,
1142 1043 1325 1088 voluntas,

243 1093 405 1139 Jupiter,
428 1097 465 1128 et
481 1095 645 1128 Turnum
664 1097 701 1128 et
719 1097 834 1128 terras
853 1095 971 1128 invita
989 1096 1121 1139 reliqui
1142 1108 1149 1130 2

244 1147 324 1181 Nec
342 1157 385 1181 tu
405 1160 462 1181 me
482 1148 578 1182 aeria
598 1148 711 1182 solam
731 1160 829 1181 nunc
848 1148 932 1181 sede
952 1148 1093 1182 videres

244 1201 365 1245 Digna
383 1201 534 1245 indigna
553 1201 631 1245 pati
648 1214 656 1243 ;
685 1201 747 1234 sed
767 1201 921 1234 flammis
941 1201 1059 1235 cincta
1078 1202 1146 1235 sub
1164 1202 1244 1246 ipsa

245 1253 387 1287 Starem
406 1254 494 1298 acie,
516 1255 770 1298 traheremque
790 1254 935 1288 inimica
954 1255 992 1287 in
1012 1255 1137 1298 praelia.
1157 1255 1322 1290 Teucros

244 1306 271 1341 J
273 1310 447 1341 uturnam
466 1308 609 1351 misero,
631 1308 760 1351 fateor,
783 1319 989 1341 succurrere
1008 1308 1114 1341 fratri

246 1360 364 1404 Suasi,
386 1363 423 1394 et
442 1372 507 1405 pro
526 1361 604 1395 vita
623 1361 762 1404 majora
782 1361 915 1394 audere
935 1361 1087 1405 probavi
1104 1374 1112 1402 ;

244 1412 334 1448 Non
352 1416 396 1447 ut
414 1415 488 1448 tela
506 1417 643 1457 tamen,
665 1426 739 1447 non
759 1417 802 1447 ut
821 1414 1058 1448 contenderet
1077 1426 1200 1448 arcum
1219 1427 1226 1450 :

245 1467 389 1512 Adjuro
410 1467 528 1511 Stygii
547 1470 656 1511 caput
675 1467 902 1511 implacabile
921 1467 1033 1501 fontis
1051 1481 1059 1509 ;

246 1519 331 1554 Una
350 1520 560 1564 superstitio
581 1521 720 1564 superis
740 1532 822 1564 quae
841 1520 986 1554 reddita
1005 1520 1108 1554 divis.

245 1573 295 1607 Et
314 1585 412 1607 nunc
432 1574 520 1607 cedo
539 1574 721 1618 equidem,
744 1585 957 1617 pugnasque
977 1585 1086 1607 exosa
1103 1573 1280 1618 relinquo.

245 1626 347 1661 Illud
365 1629 415 1670 te,
438 1627 542 1660 nulla
561 1627 630 1660 fati
649 1627 747 1671 quod
767 1627 846 1670 lege
866 1629 1026 1670 tenetur,

239 1679 318 1714 'Pro
338 1680 442 1714 Latio
462 1680 636 1723 obtestor,
657 1691 721 1724 pro
741 1680 932 1723 majestate
951 1682 1099 1713 tuorum
1119 1693 1126 1715 ε

247 1733 370 1774 Quum
385 1733 463 1778 jam
483 1733 660 1767 connubis
679 1744 802 1777 pacem
821 1733 987 1766 felicibus
1007 1733 1099 1777 (esto
1119 1733 1142 1777 1)

247 1786 477 1830 Component
497 1801 505 1828 ;
540 1798 654 1831 quum
670 1786 749 1830 jam
767 1786 863 1830 leges
884 1788 920 1819 et
939 1786 1078 1819 foedera
1093 1786 1252 1830 jungent
1269 1799 1278 1829 ς

245 1839 285 1873 N
287 1852 306 1873 e
325 1843 432 1874 vetus
451 1840 639 1884 indigenas
658 1851 792 1873 nomen
811 1842 954 1873 mutare
973 1839 1137 1883 Latinos,

245 1893 332 1927 Neu
353 1893 463 1927 Troas
483 1893 560 1927 fieri
576 1893 723 1937 jubeas,
743 1892 971 1936 Teucrosque
991 1892 1121 1935 vocari,

247 1947 326 1980 Aut
344 1959 471 1980 vocem
490 1949 633 1980 mutare
655 1946 760 1988 viros,
783 1948 849 1979 aut
869 1949 1009 1979 vertere
1028 1948 1146 1979 Vestes
1163 1957 1171 1982 :

248 1999 303 2033 Sit
323 1999 483 2043 Latium,
507 2001 580 2033 sint
601 1999 736 2033 Albani
755 2011 819 2043 per
838 1999 959 2032 secula
976 2010 1076 2042 reges
1097 2012 1105 2040 ;

248 2052 303 2086 Sit
323 2052 490 2087 Romana
508 2056 638 2097 potens
660 2053 754 2086 Itala
775 2053 912 2085 virtute
931 2063 1089 2096 propago
1109 2064 1117 2093 ;

247 2106 402 2149 Occidit,
425 2107 680 2150 occideritque,
701 2106 809 2148 sinas,
833 2117 915 2139 cum
935 2105 1081 2138 nomine
1102 2104 1244 2149 Troja.''

247 2159 319 2193 Olli
340 2159 533 2193 subridens
551 2159 743 2193 hominum
762 2170 957 2202 rerumque
977 2160 1139 2201 repertor
1156 2171 1163 2192 ε

250 2214 276 2230 “
293 2213 341 2246 Et
360 2224 533 2257 germana
553 2212 579 2246 J
582 2213 672 2255 ovis,
696 2212 918 2255 Saturnique
939 2211 1053 2245 altera
1071 2211 1201 2254 proles,

247 2265 390 2299 Irarum
410 2268 534 2299 tantos
553 2266 670 2299 volvis
690 2265 756 2299 sub
775 2267 920 2309 pectore
939 2265 1073 2298 fluctus
1091 2264 1102 2298 2

247 2318 387 2352 Verum
407 2331 485 2363 age,
507 2321 545 2352 et
563 2318 751 2362 inceptum
770 2319 907 2351 frustra
927 2316 1102 2351 submitte
1122 2317 1278 2350 furorem
1298 2329 1306 2352 :

248 2371 307 2407 Do
326 2371 425 2418 quod
445 2371 500 2407 vis
518 2384 528 2415 ;
557 2374 595 2406 et
613 2383 671 2406 me
691 2371 883 2411 victusque
902 2370 1100 2406 volensque
1119 2371 1278 2405 remitto·

1417 351 1458 375 795

1418 616 1460 637 800

1419 881 1462 902 805

1421 1146 1465 1167 81⁰

1425 1414 1466 1435 815

1425 1680 1468 1700 82⁰

1427 1945 1469 1966 2225

1427 2210 1468 2229 8³0
