1559 2584
113 113 191 149 104

530 120 718 148 VJRGILH
748 119 1017 148 CATALECTA.

231 242 464 277 VIR—DE
493 242 682 277 SABINO
711 242 940 276 PARODIA
969 239 1301 276 OATULLIANA.

322 327 476 361 Sabinus
493 327 567 370 ille,
591 338 700 370 quem
719 326 864 370 videtis,
886 326 1061 372 hospites,

321 381 387 414 Ait
407 380 518 413 fuisse
537 380 651 413 mulio
671 380 890 422 celerrimus,

321 433 360 467 N
362 444 453 477 eque
471 433 582 466 ullius
600 433 758 467 volantis
775 433 955 476 impetum
975 433 1039 466 cisi

323 486 360 519 1<
364 486 504 530 cquisse
523 486 731 530 praeterire,
754 486 830 519 sive
849 486 1045 520 Mantuam

322 540 424 583 Opus
443 539 537 572 foret
555 539 689 582 volare,
712 539 787 573 sive
807 539 979 573 Brixiam.

324 593 373 626 Et
392 593 460 626 hoc
479 595 588 636 negat
608 592 813 636 Tryphonis
832 592 966 626 aemuli
986 592 1137 627 domum

324 645 468 689 Negare
482 645 654 688 nobilem,
676 646 878 679 insulamve
899 645 1054 688 Caeruli,

323 698 397 732 Ubi
416 699 498 742 iste,
516 701 598 742 post
618 699 786 742 Sabinus,
807 701 893 732 ante
914 698 1086 739 Quinctio

325 752 483 785 Bidente
503 752 592 785 dicit
612 754 797 785 attotcnse
817 752 952 795 forcipe

324 805 476 839 Comata
494 805 596 848 colla,
618 817 664 838 ne
680 816 752 849 qua
767 805 966 847 sordidum,
988 804 1074 848 iugo

324 859 533 901 Premente,
556 858 648 891 dura
666 858 801 891 vulnus
821 858 944 891 ederet
962 857 1058 891 iuba„

325 912 502 945 Cremona
519 911 652 955 frigida
671 914 708 944 et
726 911 847 945 lutosa
866 911 998 953 Gallia,

325 965 407 998 Tibi
425 965 513 998 haec
531 965 644 997 fuisse
663 967 701 997 et
720 976 794 998 esse
814 964 1059 1008 cognitissima

324 1018 390 1052 Ait
410 1017 565 1051 Sabinus
586 1030 594 1059 3
621 1017 752 1050 ultima
770 1028 815 1050 ex
834 1017 970 1061 origine

325 1071 402 1104 Tua
421 1071 563 1104 stetisse
583 1070 672 1104 dicit
691 1070 730 1103 in
748 1070 932 1114 voragine,

326 1124 403 1158 Tua
421 1124 460 1157 111
479 1123 612 1168 palude
631 1124 812 1168 deposisse
832 1124 1003 1167 sarcinas,

326 1177 376 1212 Et
396 1177 481 1211 inde
501 1179 560 1210 tot
579 1189 643 1221 per
662 1177 822 1211 orbitosa
839 1177 956 1210 millia

325 1230 461 1274 Iugum
479 1231 620 1274 tulisse,
642 1230 746 1264 laeva
764 1230 839 1263 sive
859 1231 1010 1264 dextera

329 1283 489 1328 Strigare
508 1284 609 1317 mula
629 1283 704 1317 sive
723 1283 909 1327 utrimque
929 1283 1094 1327 coeperat

328 1336 353 1358 ἢ(
461 1335 485 1358 5⁶
592 1335 616 1358 ᾗ
724 1335 748 1358 ss
857 1335 880 1358 ἢ(
988 1335 1012 1358 ⁹⁶
1119 1334 1145 1359 §a

331 1389 463 1434 Neque
482 1390 559 1424 ulla
577 1393 664 1424 vota
683 1389 910 1423 seniitalibus
930 1389 1007 1423 deis

327 1443 404 1477 Sibi
422 1455 498 1477 0330
518 1443 626 1486 facta,
649 1446 791 1487 praeter
809 1443 878 1476 hoc
897 1442 1152 1489 novissimum‚

327 1497 489 1530 Paterna
507 1496 585 1529 lora
603 1496 884 1540 proximumque
903 1496 1094 1539 pectinem.

329 1549 401 1584 Sed
419 1550 507 1583 haec
521 1549 621 1593 prius
639 1550 740 1583 fuere
761 1562 769 1591 ;
797 1561 896 1583 nunc
915 1549 1076 1582 eburnea

329 1602 512 1646 sedetque
534 1603 630 1645 sede,
654 1614 764 1646 seque
784 1602 929 1636 dedicat
948 1602 1030 1645 tibi,

329 1656 492 1690 Gemelle
513 1655 651 1699 Castor,
675 1659 712 1690 et
733 1655 895 1690 Gemelle
916 1655 1085 1690 Castoris.

553 1771 621 1806 IX.
629 1771 753 1805 ——AD
781 1770 1003 1804 VARIUM.

223 1857 369 1893 Scilicet
387 1857 456 1891 hoc
476 1857 553 1891 sine
572 1857 713 1900 fraude,
736 1857 827 1891 Vari
846 1857 1066 1900 dulcissime,
1088 1856 1228 1893 dicam:

277 1912 503 1955 Dispeream,
525 1911 596 1944 nisi
614 1922 668 1944 mc
681 1911 844 1955 perdidit
862 1911 925 1944 istc
939 1913 1064 1955 putus.

223 1963 289 1999 Sin
309 1967 432 1998 autem
451 1967 644 2008 praecepta
666 1966 791 1998 vetant
809 1975 867 1997 me
887 1964 1005 1997 dicere
1023 1977 1030 2005 ;
1059 1974 1144 1997 sane

276 2018 366 2052 Non
384 2017 515 2061 dicam,
537 2018 601 2051 sed
619 2029 626 2052 ε
655 2029 709 2051 me
721 2017 883 2062 perdidit
902 2017 965 2051 iste
978 2028 1080 2062 puer.

443 2146 622 2181 X.—AD
650 2146 852 2181 VILLAM
881 2145 1108 2180 SYRONIS.

226 2231 381 2276 villula,
403 2244 497 2277 quae
518 2233 667 2277 Syronis
686 2244 776 2276 eras,
799 2235 835 2266 et
854 2243 991 2277 pauper
1009 2231 1134 2275 agelle,

280 2286 420 2320 Verum
439 2286 493 2319 illi
512 2286 660 2320 domino
679 2288 722 2320 tu
741 2297 888 2330 quoque
907 2285 1068 2327 divitiae,

227 2338 291 2373 Me
311 2339 381 2372 tibi
400 2342 436 2373 et
455 2339 522 2373 hos
541 2351 615 2373 una
633 2351 789 2382 mecum,
812 2350 903 2382 quos
922 2349 1062 2382 semper
1079 2335 1212 2381 amavi,

282 2392 320 2426 Si
339 2392 428 2436 quid
447 2392 493 2426 de
512 2393 631 2437 patria
648 2393 791 2426 tm'stius
811 2392 972 2435 audiero,

1411 1654 1438 1674 θλ
