1528 2569
626 77 762 105 LIBER
791 77 865 105 v11.
1327 67 1401 105 121

196 164 256 199 Ne
275 163 391 208 fugite
404 163 604 209 hospitium
610 177 619 206 3
646 176 738 199 neve
755 165 920 209 ignorate
938 164 1088 198 Latinos

198 216 346 251 δαί-,111111
362 219 521 260 gentem,
542 217 641 251 haud
659 217 780 252 vinclo
797 229 865 251 nec
877 217 1018 262 legibus
1035 229 1190 262 aequam,

198 269 334 314 Sponte
353 272 418 303 sua
435 270 641 314 veterisque
659 270 729 304 Dei
743 282 780 304 se
798 282 898 304 more
911 272 1108 305 tenentem.

196 323 321 366 Atque
339 322 509 366 equidem
526 323 676 357 memini
694 323 805 369 <fama
823 325 878 357 est
897 323 1080 357 obscurior
1098 322 1217 368 annis)

197 376 389 409 Auruncos
407 375 459 409 ita
478 376 570 409 ferre
590 387 702 419 senes,
725 376 781 410 his
800 379 901 410 ortus
919 379 963 410 ut
982 376 1076 420 agris

196 428 389 462 Dardanus
408 427 525 462 Idaeas
539 429 615 462 Phr
641 430 709 473 giae
728 429 933 473 penetravit
951 429 999 462 ad
1017 429 1136 472 urbes,

197 480 469 525 Threiciamque
489 481 649 523 Samum,
673 494 755 526 quse
774 493 872 515 nunc
891 482 1137 516 Samothracia
1155 481 1280 515 fertur.

196 533 296 567 Hinc
314 534 431 586 illum,
454 534 606 578 Corythi
624 534 810 578 TyiThen‘Ci
829 535 874 568 ab
894 535 978 568 sede
997 535 1216 579 profectum,

195 587 319 621 Aurea
337 599 435 620 nunc
452 587 541 620 solio
560 588 740 621 stellantis
757 588 854 631 regia
873 588 955 621 coeli

196 639 352 683 Accipit,
375 643 413 673 et
431 652 624 674 numerum
643 640 820 674 Divorum
840 640 1015 674 altaribus
1033 640 1146 675 addit.
1154 639 1175 656 '²

195 692 350 726 Dixerat
371 705 377 726 ε
406 695 443 726 et
463 693 560 726 dicta
579 692 740 726 Ilioneus
758 693 808 726 sic
821 704 908 726 voce
923 695 1067 726 secutus
1088 705 1095 727 ε

199 745 327 788 “Rex,
345 757 458 788 genus
477 745 658 788 egregium
677 745 808 788 Fauni,
825 756 893 778 nec
910 745 1083 778 fiuctibus
1101 747 1201 778 actos

195 798 288 832 Atra
307 798 450 842 subegit
467 798 582 831 hiems
602 798 730 831 vestris
749 798 938 831 succedere
958 798 1075 842 terris,

195 849 276 884 Nec
294 851 393 884 sidus
411 851 556 895 regione
574 851 655 894 viae,
677 851 828 884 littusve
846 851 978 884 fefellit
998 863 1004 885 :

195 903 353 938 Consilio
371 904 464 938 hanc
483 915 607 937 omnes
625 904 827 948 animisque
845 904 1052 937 volentibus
1064 904 1191 937 urbem

194 957 403 1000 Afferimur,
424 957 520 1001 pulsi
537 957 666 1000 regnis,
687 968 768 1000 quae
787 957 946 990 maxima
961 957 1145 1000 quondam

195 1008 372 1044 Extremo
391 1010 540 1043 veniens
560 1009 620 1043 Sol
640 1010 836 1054 aspiciebat
855 1009 1021 1053 Olympo.

195 1063 255 1096 Ab
273 1062 368 1096 Jove
386 1063 605 1107 principium
623 1063 764 1106 generis
781 1075 788 1104 ;
817 1062 911 1095 Jove
930 1062 1103 1095 Dardana
1121 1061 1234 1105 pubes

196 1115 343 1149 Gaudet
362 1127 430 1149 avo
449 1129 458 1158 ;
485 1128 549 1149 rex
568 1116 644 1160 ipse
664 1115 690 1149 J
693 1116 770 1149 ovis
789 1116 833 1148 de
852 1117 962 1158 gente
981 1117 1150 1159 suprema

195 1168 324 1202 Troius
345 1168 479 1202 AEneas
493 1171 558 1202 tua
572 1180 638 1202 nos
658 1169 703 1201 ad
721 1168 848 1201 limina
866 1167 974 1201 misit.

198 1221 345 1262 Quanta
363 1233 427 1265 per
446 1221 564 1255 Idaeos
583 1221 688 1254 saevis
708 1222 820 1254 effusa
838 1220 1006 1264 Mycenis

195 1274 403 1318 Tempestas
422 1275 506 1308 ierit
524 1285 679 1318 campOS,
703 1274 836 1317 quibus
854 1276 956 1307 actus
975 1276 1130 1316 uterque

195 1326 352 1371 Europae
371 1330 482 1371 atque
501 1327 597 1361 Asiae
616 1327 702 1360 fatis
720 1327 941 1360 concurrerit
961 1326 1068 1369 orbis,

195 1381 327 1414 Audiit
344 1393 352 1422 ;
383 1383 420 1413 et
439 1380 468 1413 si
488 1391 597 1424 quem
616 1380 725 1413 tellus
744 1382 907 1413 extrema
925 1379 1046 1412 refuso

196 1433 396 1467 Submovet
415 1433 570 1475 Oceano,
593 1435 629 1466 et
649 1433 678 1465 si
699 1443 805 1476 quem
822 1434 972 1465 extenta
991 1431 1179 1475 plagarum

195 1486 362 1526 Quatuor
379 1486 418 1519 in
437 1486 556 1519 medio
575 1485 714 1518 dirimit
728 1485 834 1529 plaga
853 1484 937 1518 solis
954 1484 1081 1528 iniqui.

195 1538 345 1573 Diluvio
359 1550 405 1572 ex
423 1539 485 1572 illo
504 1541 562 1572 tot
580 1541 684 1571 vasta
694 1550 758 1582 per
777 1549 923 1581 aequora
936 1537 1032 1570 vecti

195 1592 262 1625 Dis
280 1592 402 1625 sedem
422 1592 590 1635 exiguam
604 1591 732 1635 patriis
749 1591 926 1634 littusque
946 1601 1114 1633 rogamus
1142 1623 1146 1626 ,

195 1644 413 1687 Innocuum‚
431 1647 467 1678 et
487 1644 626 1678 cunctis
644 1644 854 1687 unciamque
873 1654 1071 1686 auramque
1085 1644 1281 1686 patentem.

195 1697 281 1731 Non
302 1698 435 1731 erimus
454 1709 564 1741 regno
582 1690 766 1730 indecores
787 1709 795 1738 ;
823 1707 890 1729 nec
912 1698 1031 1729 vestra
1050 1695 1188 1728 feretur

195 1750 308 1784 Fama
326 1750 428 1792 levis,
450 1750 592 1784 tantive
607 1750 786 1783 abolescet
804 1748 921 1793 gratia
938 1748 1028 1781 facti
1047 1761 1055 1788 ;

196 1803 236 1836 N
237 1814 276 1836 ec
295 1802 439 1847 Trojam
458 1803 644 1836 Ausonius
663 1802 798 1846 gremio
817 1801 941 1844 excepi
961 1812 997 1834 se
1016 1799 1162 1844 pigebit.

196 1856 290 1889 Fata
307 1867 371 1899 per
390 1855 519 1889 AEneae
534 1856 631 1899 juro,
654 1855 892 1897 dextramque
912 1856 1108 1897 potentem.

198 1908 282 1942 Sive
301 1909 384 1951 fide,
408 1920 473 1942 sua
492 1909 574 1952 quis
592 1908 691 1941 bello
711 1910 766 1940 est
785 1910 957 1950 expertus
976 1908 1012 1939 et
1032 1905 1141 1939 arinis

198 1961 313 1995 Multi
331 1973 397 1995 nos
410 1961 547 2005 populi,
570 1961 799 1994 multfe-ne
817 1963 952 2000 temne,
976 1958 1074 2002 quod
1093 1958 1191 1991 ultro

197 2014 430 2048 Proeferimus
449 2015 616 2047 manibus
628 2013 740 2047 vittas
759 2024 799 2046 ac
814 2012 924 2046 verba
942 2011 1180 2055 precantia-—

197 2067 246 2101 Et
265 2068 399 2111 petiere
419 2067 488 2100 sibi
507 2070 543 2101 et
555 2066 701 2100 voluere
720 2066 917 2110 a‹jljungere
936 2067 1062 2108 gentes
1081 2076 1088 2098 :

199 2120 269 2154 Sed
282 2131 347 2154 nos
365 2120 442 2154 fata
461 2120 581 2153 Deum
599 2122 738 2153 vestras
757 2119 946 2162 exquirere
965 2120 1079 2151 terras

198 2173 364 2217 Imperiis
383 2173 486 2217 egere
501 2173 583 2206 suis.
644 2172 743 2205 Hinc
762 2171 956 2205 Dardanus
974 2173 1075 2203 ortus

201 2225 286 2259 Huc
304 2227 450 2270 repetit,
469 2226 653 2270 jussisque
673 2225 885 2269 ingentibus
902 2225 1009 2267 urget
1028 2222 1160 2267 Apollo

199 2277 428 2322 Tyrrhenum
447 2280 493 2313 ad
512 2279 673 2323 Tybrim,
693 2281 730 2311 et
749 2277 862 2311 fontis
877 2277 972 2311 vada
990 2287 1089 2310 sacra
1107 2273 1266 2309 Numici.

202 2331 276 2364 Dat
296 2332 364 2365 tibi
378 2335 554 2376 praeterea
573 2332 733 2365 fortunae
752 2342 864 2374 parva
883 2329 1011 2374 prioris

1365 582 1401 602 211

1365 1110 1405 1130 ⁴221·

1265 2386 1284 2405 G
