1528 2569
627 79 762 109 LIBER
790 80 855 109 111.

194 164 295 201 Arva
313 176 430 212 neque
449 167 623 202 Ausoniae
642 180 784 217 semper
795 167 962 203 cedentia
980 170 1078 202 retro

195 220 407 262 Quaerenda.
466 221 632 265 Effigiem
651 220 807 265 Xanthi,
829 221 1045 266 Trojamque
1065 221 1210 266 videtis,

196 272 314 314 Quam
333 276 462 308 vestrae
481 275 595 308 fecere
613 286 743 308 manus
760 288 768 316 ;
795 274 1018 318 melioribus,
1040 278 1139 319 opto,

194 324 392 370 Auspiciis,
413 329 449 360 et
469 339 551 371 quae
569 328 680 361 fuerit
698 329 818 361 minus
836 327 943 361 obvia
961 327 1089 362 Graiis.

197 378 234 412 Si
253 380 400 423 quando
419 379 568 424 Tybrim
586 380 776 424 vicinaque
796 380 964 424 Tybridis
983 392 1071 414 arva

196 431 354 476 Intraro,
375 433 549 477 gentique
568 445 657 467 meae
677 433 763 467 data
780 433 916 467 moenia
936 445 1080 467 cernam
1097 445 1106 474 3

196 485 446 530 Cognatasque
466 487 571 520 urbes
590 486 688 529 olim,
710 487 935 530 populosque
953 486 1177 531 propinquos

195 538 318 582 Epiro,
340 538 530 583 Hesperia,
553 538 700 584 (quibus
718 539 815 573 idem
834 539 1027 573 Dardanus
1046 541 1184 583 auctor,

196 591 320 635 Atque
340 591 436 625 idem
456 593 584 637 casus),
602 604 712 625 unam
731 592 904 625 faciemus
924 594 1115 635 utramque

196 644 341 688 Trojam
360 645 489 678 animis
510 658 516 679 :
545 648 690 678 maneat
710 647 851 678 nostros
866 656 908 678 ea
926 656 1011 678 cura
1029 643 1221 688 nepotes.''

249 697 489 730 Provehimur
507 698 634 742 pelago
652 697 772 731 vicina
792 697 968 730 Ceraunia
983 697 1104 741 juxta,

196 749 305 783 Unde
324 750 394 783 iter
414 750 559 783 Italiam
581 761 778 794 cursusque
796 749 1029 783 brevissimus
1047 750 1165 784 undis.

197 802 258 836 Sol
276 801 353 836 ruit
371 803 522 846 interea,
544 806 580 836 et
594 806 737 836 montes
755 803 973 836 umbrantur
992 803 1103 846 opaci.

197 855 399 889 Sternimur
417 858 552 900 optatae
570 856 706 900 gremio
720 854 862 890 telluris
878 856 924 889 ad
942 855 1093 899 undam,

198 909 326 943 Sortiti
344 920 473 952 remos,
494 909 702 953 passimque
721 909 759 942 in
778 909 902 942 littore
921 908 1014 942 sicco

198 961 356 1006 Corpora
374 974 542 996 curamus
560 975 566 996 :
595 963 706 995 fessos
721 973 827 1006 sopor
844 961 971 1006 irrigat
989 964 1100 995 artus.

197 1015 367 1049 Necdum
386 1015 509 1049 orbem
527 1015 689 1049 medium
708 1015 746 1049 N
749 1027 796 1049 ox
814 1015 911 1048 horis
931 1017 1011 1048 acta
1030 1014 1176 1048 subibat
1193 1028 1201 1056 ;

199 1068 312 1102 Haud
330 1066 450 1113 segnis
468 1071 584 1102 strato
603 1067 720 1112 surgit
739 1069 946 1112 Palinurus,
968 1070 1004 1101 et
1019 1079 1143 1101 omnes

198 1121 375 1165 Explorat
394 1124 536 1165 ventos,
558 1124 668 1166 atque
687 1122 835 1155 auribus
854 1125 937 1155 aera
956 1123 1078 1165 captat
1100 1134 1106 1155 :

201 1174 326 1208 Sidera
346 1178 477 1210 cuncta
496 1177 601 1208 notat
619 1175 731 1208 tacito
750 1175 910 1208 labentia
929 1174 1031 1217 coelo,

199 1228 412 1271 Arcturum,
434 1227 648 1272 pluviasque
668 1227 832 1272 Hyadas,
853 1227 1087 1271 geminosque
1107 1226 1262 1269 Triones,

198 1281 466 1324 Armatumque
485 1292 573 1314 auro
592 1281 834 1324 circumspicit
855 1280 997 1314 Oriona.

199 1333 401 1377 Postquam
420 1337 550 1367 cuncta
570 1334 670 1367 videt
689 1334 779 1367 coelo
798 1336 961 1367 constare
980 1344 1117 1376 sereno,

199 1387 274 1421 Dat
293 1387 429 1420 clarum
448 1399 466 1420 e
485 1387 600 1430 puppi
618 1387 762 1430 signum
779 1400 787 1428 ;
815 1398 881 1419 nos
900 1388 1016 1419 castra
1040 1397 1240 1428 movemus,

200 1440 470 1483 Tentamusque
489 1439 598 1482 viam,
622 1442 658 1473 et
680 1440 840 1473 velorum
859 1439 1054 1483 pandimus
1072 1439 1155 1473 alas.

252 1492 411 1536 Jamque
429 1492 641 1526 rubescebat
660 1493 774 1526 stellis
793 1493 934 1526 Aurora
953 1491 1099 1536 fugatis,

199 1545 323 1587 Quum
341 1545 466 1590 procul
485 1546 655 1579 obscuros
673 1546 781 1579 colles
799 1545 1046 1589 humilemque
1066 1544 1232 1578 Videmus

198 1599 354 1633 Italiam.
414 1599 566 1632 Italiam
584 1599 722 1643 primus
741 1599 943 1632 conclamat
961 1598 1119 1632 Achates
1139 1611 1147 1639 ;

199 1653 352 1686 Italiam
368 1651 455 1685 laeto
474 1652 561 1685 socii
579 1653 732 1686 clamore
751 1652 922 1686 salutant.

199 1706 293 1739 Tum
312 1708 415 1749 pater
434 1705 611 1739 Anchises
629 1717 801 1749 magnum
817 1707 953 1738 cratera
973 1706 1106 1738 corona

199 1758 340 1801 Induit,
362 1758 601 1802 implevitque
619 1770 731 1801 mero,
753 1758 939 1802 Divosque
958 1757 1115 1799 vocavit,

200 1811 309 1845 Stans
328 1811 420 1844 celsa
437 1811 475 1844 in
494 1811 625 1855 puppi:

204 1866 228 1883 “
242 1865 302 1908 Di,
324 1864 434 1898 maris
452 1867 489 1898 et
508 1867 615 1898 terrae
633 1867 968 1909 tempestatumque
987 1865 1172 1907 potentes,

201 1917 309 1952 Ferte
328 1918 424 1951 viam
444 1920 554 1951 vento
573 1918 729 1960 facilem,
752 1920 788 1951 et
807 1918 941 1961 spirate
961 1915 1148 1950 secun‹li.”

201 1971 440 2005 Crebrescunt
460 1973 595 2014 optatae
614 1982 723 2013 aurae,
745 1973 946 2015 portusque
965 1969 1118 2013 patescit

201 2024 228 2058 J
229 2035 286 2058 am
306 2024 462 2068 propior,
484 2024 735 2068 templumque
755 2026 903 2068 apparet
923 2021 959 2057 in
980 2033 1060 2056 arce
1080 2021 1270 2056 Minervae.

201 2077 295 2111 Vela
313 2077 441 2121 legunt
456 2077 553 2119 socii,
576 2079 613 2110 et
631 2089 754 2121 proras
774 2077 819 2110 ad
838 2077 963 2110 littora
981 2078 1164 2119 torquent.

201 2130 334 2164 Portus
353 2136 399 2164 ab
420 2131 539 2163 Euroo
558 2130 672 2163 fluctu
693 2132 864 2164 curvatus
881 2130 918 2163 in
939 2140 1062 2162 arcum
1082 2141 1090 2170 ;

202 2183 364 2228 Objectae
383 2183 476 2217 salsa
495 2186 666 2227 spumant
685 2183 870 2227 aspergine
891 2185 1014 2216 cautes
1034 2194 1042 2222 ;

201 2236 284 2280 Ipse
301 2236 393 2270 latet
413 2249 420 2269 ε
448 2236 592 2280 gemino
612 2236 814 2270 demittunt
832 2236 977 2269 brachia
996 2245 1101 2268 muro

202 2289 338 2323 Turriti
357 2289 507 2333 scopuli,
529 2289 737 2334 refugitque
757 2301 778 2323 a
796 2289 919 2323 littore
938 2288 1126 2332 templum.

203 2341 368 2383 Quatuor
387 2344 457 2387 me,
479 2343 636 2389 primum
657 2354 775 2386 omen,
798 2354 909 2387 equos
927 2343 964 2376 in
984 2341 1144 2385 gramine
1165 2339 1241 2374 vidi

1217 2398 1240 2421 n
1264 2389 1283 2419 2

1347 71 1397 108 51

1358 378 1401 399 500

1360 642 1402 662 505

1363 905 1404 926 51⁰

1363 1171 1403 1191 515

1364 1435 1401 1456 52(

1370 1966 1408 1985 Tm

1371 2230 1410 2251 ⁵35
