1559 2584
92 99 145 133 SR

533 108 719 135 VIRGILII
750 107 988 135 GEORGICA„

199 197 248 231 Et
266 206 372 241 passo
391 195 534 229 Psithia
552 195 680 228 utilior
697 207 704 236 ;
732 194 927 238 tenuisque
947 194 1083 238 Lageos

199 250 402 284 Tentatura
419 249 529 293 pedes
548 249 647 291 olim,
670 247 911 291 vincturaque
929 247 1093 291 linguam
1112 262 1120 289 ;

200 303 413 346 Pmpureae‚
435 301 637 345 preciaeque
658 314 666 341 ;
695 303 732 334 et
752 311 824 344 quo
843 303 881 334 te
901 300 1058 334 carmine
1078 300 1209 340 dicam,
1389 298 1413 319 ⁹¹

202 355 395 390 Rhaetica?
423 366 490 388 nec
509 354 607 388 cellis
626 354 707 387 ideo
728 353 908 387 contende
926 353 1099 387 Falernis.

203 410 298 443 Sunt
317 411 354 442 et
373 408 551 441 Aminaeae
569 407 675 450 vites,
697 406 902 440 firmissima
920 406 1007 440 vina
1023 419 1031 448 ;

204 462 352 495 Tmolus
371 464 408 494 et
428 460 584 504 assurgit
604 460 749 504 quibus,
772 462 809 492 et
828 471 893 492 rex
912 459 988 503 ipse
1008 459 1204 502 Phanaeus,

203 515 415 559 Argitisque
434 513 565 556 minor,
588 513 647 546 cui
664 524 739 546 non
759 512 951 546 certaverit
969 512 1058 555 ulla,

204 569 283 602 Aut
302 570 450 601 tantum
469 567 593 609 fluere,
615 568 680 600 aut
694 566 850 599 totidem
869 566 1000 599 durare
1019 577 1083 609 per
1102 576 1226 599 annos,
1379 562 1419 582 '¹⁰

206 621 293 654 Non
312 632 377 664 ego
395 622 446 663 te,
463 620 530 653 Dis
545 622 582 653 et
600 619 734 652 mensis
752 621 900 662 accepta
918 618 1096 661 secundis,

205 673 436 717 Transierim,
458 673 616 715 Rhodia,
638 675 675 706 et
694 672 859 716 tumidis,
881 672 1069 714 Bumaste,
1091 671 1251 705 racemi&

206 727 278 761 Sed
297 738 416 770 neque
436 737 548 770 quam
566 726 693 759 multae
714 726 865 769 species,
888 736 955 758 nec
974 725 1124 758 nomina
1143 737 1225 768 quae
1245 724 1331 766 sint,

206 781 273 814 Est
292 791 466 814 numerus
487 792 494 820 ;
522 791 643 822 neque
662 779 760 812 enim
779 790 931 811 numero
953 778 1210 822 comprendere
1229 779 1342 811 refert
1359 789 1367 811 :

208 833 325 874 Quem
345 833 409 877 qui
428 832 517 865 scire
535 832 638 875 velit,
660 831 788 875 Libyci
806 832 897 865 velit
916 833 1071 875 {equoris
1091 832 1188 864 idem

205 887 352 920 Discere
372 897 482 929 quam
501 885 628 918 multae
649 885 816 929 Zephyro
833 885 1032 918 turbentur
1049 896 1169 918 arenae
1188 898 1197 926 ;

207 940 297 982 Aut,
320 939 384 973 ubi
402 938 556 982 navigiis
570 938 764 972 violentior
780 938 910 971 incidit
930 938 1063 980 Eurus,

208 993 340 1036 Nosse,
362 994 453 1036 quot
473 992 568 1025 Ionii
582 992 733 1025 veniant
752 991 799 1025 ad
815 991 942 1024 littora
960 991 1102 1024 fluctus.

261 1046 299 1079 N
302 1057 342 1079 ec
360 1057 446 1079 vero
464 1048 572 1078 terrae
591 1045 684 1078 ferre
704 1056 829 1078 omnes
848 1044 970 1077 omnia
989 1046 1150 1087 possunt.

209 1099 442 1133 Fluminibus
461 1098 598 1141 salices,
616 1098 814 1141 crassisque
827 1097 1022 1141 paludibus
1041 1097 1116 1130 alni
1387 1094 1424 1113 ‘²⁰

208 1152 424 1186 Nascuntur
442 1164 449 1193 ;
478 1151 618 1185 steriles
637 1151 775 1185 saxosis
793 1151 980 1184 montibus
999 1151 1079 1184 orni
1097 1163 1105 1191 ;

209 1206 354 1239 Littora
372 1205 541 1248 myrtetis
555 1205 743 1238 laetissima
762 1217 770 1245 ;
798 1204 957 1248 denique
976 1206 1120 1247 apertos

208 1258 373 1292 Bacchus
392 1260 491 1291 amat
511 1257 631 1300 colles,
651 1257 871 1301 Aquilonem
890 1259 927 1290 et
946 1256 1081 1300 frigora
1099 1255 1187 1290 taxi.

209 1311 341 1355 Aspice
361 1314 398 1344 et
417 1311 591 1344 extremis
610 1311 793 1344 domitum
813 1309 1013 1343 cultoribus
1033 1310 1166 1343 orbem.

208 1365 376 1408 ansque
395 1364 522 1398 domos
537 1364 712 1407 Arabum,
727 1364 915 1408 pictosque
936 1363 1093 1396 Gelonos
1112 1375 1118 1397 :
1387 1359 1427 1380 *ω

210 1418 347 1451 Divisae
367 1417 556 1451 arboribus
574 1417 712 1461 patriae.
775 1416 858 1450 Sola
873 1416 982 1449 India
1000 1416 1145 1459 nigrum

209 1470 297 1504 Fert
317 1471 474 1504 ebenum
494 1484 502 1512 ;
531 1471 615 1503 solis
635 1473 689 1504 est
708 1470 840 1503 thurea
859 1470 960 1513 virga
980 1469 1126 1503 Sabaeis.

211 1523 309 1565 Quid
328 1523 398 1557 tibi
417 1524 568 1558 odorato
589 1523 743 1556 referam
762 1523 933 1557 sudantia
952 1523 1051 1566 ligno

209 1577 464 1620 Balsamaque,
486 1579 523 1610 et
541 1577 666 1610 baccas
686 1588 826 1620 semper
843 1576 1048 1609 frondentis
1067 1576 1210 1609 acamhi
1230 1575 1238 1608 2

211 1630 308 1671 Quid
328 1641 476 1664 nemora
494 1629 710 1673 AEthiopum
729 1630 832 1663 molli
851 1630 1018 1663 canentia
1036 1629 1121 1662 lana
1141 1630 1151 1663 f
1390 1626 1427 1646 ⁴²⁰

210 1683 429 1727 Velleraque
448 1686 491 1717 ut
510 1683 607 1717 foliis
629 1683 825 1727 depectant
845 1683 971 1716 tenuia
990 1682 1093 1715 Seres
1110 1683 1122 1716 ⁴!

209 1737 289 1770 Aut
309 1749 400 1781 quos
419 1736 563 1770 Oceano
582 1737 728 1780 propior
745 1736 839 1779 gerit
859 1736 967 1769 India
980 1736 1092 1779 lucos,

210 1789 377 1823 Extremi
397 1790 498 1823 sinus
517 1789 613 1823 orbis
633 1802 641 1831 ;
669 1789 734 1823 ubi
758 1793 841 1823 ae‘ra
859 1789 1002 1822 vincere
1021 1800 1204 1822 summum

211 1843 362 1877 Arboris
381 1843 481 1876 haud
499 1843 585 1876 ullae
600 1843 704 1887 jactu
722 1843 873 1887 potuere
893 1841 1063 1886 sagittae?

211 1895 260 1930 Et
279 1908 367 1940 gens
387 1896 449 1930 illa
468 1896 618 1940 quidem
638 1896 792 1940 sumptis
811 1907 885 1930 non
903 1896 1009 1929 tarda
1027 1895 1205 1939 pharetris
1389 1889 1425 1911 ¹²⁵

212 1949 338 1983 Media
357 1950 428 1983 fert
447 1950 571 1983 tristes
590 1961 714 1983 succos
733 1949 954 1993 tardumque
974 1960 1140 1992 saporem

211 2002 342 2036 Felicis
361 2003 460 2046 mali,
482 2014 555 2046 quo
574 2014 649 2036 non
668 2002 883 2046 praesentius
902 2002 1032 2045 ullum,

210 2055 349 2089 Pocula
368 2056 398 2089 si
417 2056 564 2100 quando
583 2067 689 2089 saevae
708 2056 864 2089 infecere
883 2066 1061 2098 novercae,

210 2104 532 2157 [Miscueruntque
550 2109 681 2142 herbas
700 2111 737 2142 et
756 2120 831 2142 non
850 2108 1003 2142 innoxia
1023 2103 1160 2154 verba-2,

209 2162 402 2196 Auxilium
422 2162 535 2205 venit,
557 2174 598 2196 ac
616 2162 787 2196 membris
806 2162 881 2206 agit
899 2164 979 2196 atra
997 2173 1147 2195 venena.
1388 2156 1426 2177 ¹³³

210 2215 297 2259 Ipsa
314 2216 442 2259 ingens
461 2216 578 2258 arbos,
601 2216 804 2260 faciemque
824 2215 1008 2249 simillima
1026 2215 1129 2248 lauro
1148 2226 1157 2256 ;

210 2268 271 2309 Et,
294 2269 325 2302 si
343 2280 418 2302 non
437 2269 550 2302 alium
569 2269 641 2303 late
657 2269 815 2312 jactaret
835 2269 994 2311 odorem,

210 2320 352 2355 Laurus
370 2324 448 2355 erat
469 2334 476 2356 :
505 2322 592 2355 folia
610 2322 709 2356 haud
729 2322 813 2355 ullis
832 2322 994 2355 labentia
1011 2320 1130 2354 ventis
1148 2333 1156 2362 3

210 2373 295 2408 Flos
314 2375 360 2408 ad
380 2375 498 2418 prima
515 2377 628 2408 tenax
646 2387 654 2416 ;
683 2375 822 2409 animas
841 2377 878 2408 et
898 2374 1034 2408 olentia
1053 2373 1155 2407 Medi

1384 828 1421 846 103
