1559 2584
114 120 191 158 102

529 133 716 160 VIRGILII
748 131 1016 160 CATALECTA·

325 219 408 264 Sed,
431 232 451 255 o
471 222 622 265 superbe
642 221 839 264 Noctuine,
861 232 935 254 non
955 221 1056 254 vides

324 273 426 308 Duas
445 274 577 308 habere
596 274 687 307 filias
707 274 875 317 Atilium,

323 327 438 370 Duas,
461 330 498 361 et
517 327 611 361 hanc
629 329 667 360 et
685 327 850 370 alteram,
871 327 942 360 tibi
961 326 1048 360 dari.

325 380 464 413 Adeste
483 391 593 423 nunc,
615 380 739 414 adeste
758 392 764 414 :
793 380 908 423 ducit,
931 382 973 413 ut
993 380 1109 424 decet,

324 432 521 476 Superbus,
544 444 636 476 ecce,
659 432 872 467 Noctuinus
890 433 1070 467 herneam.

325 485 509 520 Thalassio
526 488 533 521 l
564 486 748 520 Thalassio
766 488 773 520 l
804 486 989 520 Thalassio
1006 488 1013 521 Ε

568 643 614 678 V.
621 644 736 678 -IN
764 643 976 679 LUCIUM.

325 739 447 774 Iacere
466 751 536 783 me,
560 740 657 784 quod
677 740 753 773 alta
770 751 845 773 non
864 752 1023 784 possum,
1046 742 1168 785 putas,

380 793 433 826 Ut
451 796 549 836 ante,
571 794 706 827 vectari
725 794 831 837 freta,

325 845 365 880 N
367 858 406 879 ec
424 846 517 879 ferre
536 847 670 880 durum
688 846 803 890 frigus
821 848 886 880 aut
906 849 1046 880 aestum
1065 845 1155 891 pati,

381 899 513 943 Neque
533 911 632 933 arma
651 899 799 933 Victoris
818 900 930 943 sequi.

326 950 475 995 Valent,
497 953 623 986 valent
641 953 733 986 mihi
750 953 803 986 ira
823 955 859 986 et
880 952 1053 997 antiquus
1072 953 1188 996 furor,

380 1005 430 1039 Et
448 1006 586 1049 lingua,
608 1017 680 1049 qua
699 1005 837 1039 adsieln
854 1006 935 1048 tibi,

328 1058 377 1092 Et
396 1059 614 1102 prostitutae
632 1062 740 1102 turpe
760 1059 1039 1092 contubernium

383 1112 530 1146 Sororis.
592 1111 622 1145 O
643 1112 732 1156 quid
751 1124 809 1145 me
828 1112 958 1146 incitas
973 1112 985 1145 ‘2

330 1164 440 1208 Quid,
463 1165 644 1209 impudice
664 1168 702 1199 et
720 1165 958 1209 improbande
979 1163 1150 1200 Caesari?

384 1217 455 1252 Sed
474 1218 574 1252 furta
591 1218 762 1252 dicantur
779 1222 856 1260 tua,

330 1270 379 1304 Et
398 1271 546 1305 heluato
565 1284 643 1305 sera
661 1271 880 1316 patrimonio

384 1324 430 1358 In
448 1325 559 1358 fratre
577 1325 808 1369 parsimonia,

330 1376 403 1411 Vel
421 1381 501 1413 acta
519 1390 632 1422 puero
652 1390 735 1412 cum
753 1378 840 1412 viris
860 1377 1040 1422 convivia,

385 1430 561 1475 Udaeque
580 1443 644 1476 per
663 1443 831 1465 somnum
849 1434 965 1474 nates,

331 1483 382 1518 Et
400 1484 513 1518 inscio
530 1488 681 1529 repente
700 1485 898 1518 clamatum
917 1496 1026 1529 super

386 1537 582 1581 Thalassio,
605 1538 799 1572 Thalassio.

333 1589 431 1632 Quid
450 1591 625 1634 palluisti,
647 1591 808 1625 femina?
836 1602 883 1624 an
901 1591 971 1625 ioci
990 1590 1143 1626 dolent?

387 1645 447 1677 An
466 1644 562 1678 facta
580 1645 763 1688 cognoscis
781 1645 873 1678 tua?

333 1696 421 1731 Non
440 1709 497 1731 me
517 1698 661 1731 vocabis
679 1698 830 1742 pulchra
848 1709 913 1742 per
932 1697 1098 1741 Cotyttia

390 1750 450 1783 Ad
469 1751 617 1784 feriatos
635 1751 810 1792 fascinos;

334 1803 373 1838 N
375 1816 414 1837 ec
433 1804 518 1837 dein
537 1815 682 1838 movere
701 1804 844 1838 lumbos
863 1804 902 1837 in
921 1803 1105 1838 crocotula

388 1857 535 1891 Prensis
552 1857 685 1891 videbo
703 1858 892 1900 altaribus,

333 1910 562 1955 Flavumque
581 1913 729 1954 propter
747 1910 923 1954 Thybrim
942 1910 1082 1944 olentes
1101 1910 1290 1944 nauticum

388 1963 539 2007 Vocare,
561 1964 625 1997 ubi
644 1964 815 2008 appulsae
834 1967 930 1998 rates

334 2016 443 2050 Stant
462 2016 501 2050 in
522 2017 623 2051 vadis
642 2029 753 2051 coeno
771 2020 934 2050 retentae
955 2016 1100 2051 sordido

387 2070 585 2115 Macraque
605 2071 787 2104 luctantes
807 2081 902 2114 aqua
920 2083 927 2112 ;

333 2122 466 2167 Neque
485 2124 523 2157 in
544 2124 702 2157 culinam
722 2126 759 2157 et
778 2126 890 2158 uncta
912 2123 1120 2168 compitalia

387 2176 580 2221 Dapesque
600 2177 709 2211 duces
729 2177 903 2219 sordidas,

334 2228 475 2270 Quibus
495 2230 668 2274 repletus,
691 2233 734 2264 ut
754 2230 916 2264 salivosis
937 2229 1053 2274 aquis,

386 2282 541 2317 Obesam
560 2284 607 2317 ad
626 2295 778 2317 uxorem
797 2284 904 2326 redis,

331 2335 380 2369 Et
401 2339 608 2370 aestuantes
627 2340 734 2370 nocte
754 2337 864 2370 solvis
883 2335 1058 2381 pantices,

385 2389 546 2433 Olusque
566 2390 695 2423 lambis
714 2390 830 2424 saviis.

1415 1215 1441 1236 li!
