1559 2584
133 100 211 136 188

605 109 789 137 VIRGILII
820 109 974 137 AENEIS.

236 198 337 231 Tolle
356 198 444 240 fuga.
463 197 640 239 Turnum,
663 199 775 240 atque
795 197 1018 231 instantibus
1037 197 1132 241 eripe
1153 197 1245 232 fatis

238 251 428 285 Hactenus
445 250 639 283 indulsisse
658 252 764 283 vacat
781 262 788 284 :
818 250 874 283 sin
892 250 1001 284 altior
1017 251 1098 284 istis
1196 278 1199 280 .
1409 249 1449 270 ⁸²⁸

237 304 313 338 Sub
332 303 498 348 precibus
516 303 623 336 venia
642 303 718 336 ulla
735 303 828 336 latet
846 305 1041 347 totumque
1059 304 1197 338 moveri

237 356 424 390 Mutarive
442 358 551 400 putas
569 356 718 399 bellum,
741 367 821 399 spes
839 357 954 400 pascis
972 356 1136 390 inanes.”

237 409 286 444 Et
306 409 332 443 J
335 421 408 443 uno
428 409 668 452 allacrymans
686 421 694 443 :
726 411 750 427 “
768 409 864 450 Quid
884 410 926 453 si,
949 410 1046 453 quod
1065 422 1153 444 voce
1171 410 1342 455 gravaris,

237 462 367 497 Mente
382 461 506 503 dares3
535 465 646 506 atque
665 462 743 495 haec
763 462 886 496 Turno
904 465 985 496 rata
1004 462 1081 497 vita
1099 464 1289 498 maneret?

237 515 349 550 Nunc
367 517 491 549 manet
510 515 694 548 insontem
714 515 833 559 gravis
853 516 973 549 exitus
995 528 1002 555 ;
1031 518 1096 550 aut
1116 527 1181 560 eg*
1200 517 1277 550 veri
1412 514 1453 534 ⁶³⁰

237 568 346 602 Vana
364 569 460 602 feror
477 581 484 602 :
515 568 612 612 quod
632 571 674 601 ut
693 580 714 602 o
733 568 856 612 potius·
875 568 1069 602 formidine
1088 569 1181 603 falsa

238 622 362 656 Ludar
379 635 386 663 3
416 624 453 655 et
472 621 510 654 in
529 621 659 655 melius
678 624 754 664 tua,
774 622 838 665 qui
856 625 970 665 potes,
994 633 1075 656 orsa
1092 622 1292 656 rcflectas”

240 675 332 709 Haec
350 674 415 708 ubi
434 675 531 708 dicta
551 675 665 717 dedit,
689 675 779 708 coelo
799 686 835 708 se
854 675 1021 719 protinus
1040 675 1115 709 alto

240 728 358 771 Misit,
381 739 492 772 agens
511 727 680 771 hiemem,
702 728 827 762 nimbo
846 728 1040 770 succincta,
1063 740 1127 772 per
1146 740 1251 762 auras
1269 741 1277 770 ;

241 782 467 825 Iliacumque
487 781 599 814 aciem
619 783 657 814 et
676 781 874 815 Laurentia
892 784 1009 815 castra
1028 781 1167 825 petivit.
1417 779 1457 799 ⁶³⁵

242 835 336 869 Tum
355 835 433 868 Dea
452 834 548 867 nube
569 837 657 868 cava
675 837 824 868 tenuem
844 835 921 868 sine
941 835 1079 868 viribus
1097 834 1264 869 umbram

242 888 287 922 In
307 888 436 922 faciem
456 887 586 920 AEneae
607 888 701 932 (visu
720 888 884 921 mirabile
902 891 1107 921 monstrum
1125 888 1148 932 1)

243 940 439 975 Dardaniis
458 943 564 974 ornat
583 941 666 974 telis
685 954 692 981 ;
721 941 962 985 clypeumque
977 941 1160 985 jubasque

243 994 370 1028 Divini
388 993 578 1027 assimulat
598 993 724 1037 capitis
742 1006 749 1035 ;
779 995 842 1027 dat
860 994 984 1027 inania
1003 994 1113 1027 verba
1130 1007 1137 1035 3

243 1048 318 1081 Dat
339 1047 414 1080 fine
433 1049 556 1080 mente
576 1058 718 1089 sonum,
740 1058 956 1090 gressusque
976 1047 1114 1090 effingit
1134 1047 1274 1080 euntis:
1419 1044 1460 1064 ⁶⁴⁰

244 1100 367 1134 Morte
387 1100 487 1133 obita
506 1099 631 1143 quales
649 1099 746 1133 fama
766 1102 820 1133 est
840 1100 992 1133 volitare
1012 1100 1156 1143 figuras,

243 1154 323 1187 Aut
342 1164 424 1197 quae
444 1152 581 1196 sopitos
601 1152 784 1185 deludunt
803 1153 942 1186 somnii
961 1164 1097 1186 sensus.

245 1207 297 1240 At
316 1206 450 1250 primas
469 1205 555 1239 laeta
573 1208 658 1239 ante
678 1206 771 1239 acies
791 1206 952 1239 exsultat
970 1206 1101 1250 imago,

246 1259 447 1303 Irritatque
468 1258 587 1292 virum
606 1258 701 1301 telis,
725 1262 761 1292 et
781 1270 868 1292 voce
887 1259 1049 1294 lacsssit:

247 1313 368 1346 lnstat
388 1312 446 1346 cui
466 1312 620 1355 Turum,
645 1312 933 1356 stridentemque
954 1312 1096 1346 eminus
1114 1312 1258 1346 hastam
1422 1309 1463 1329 Μ

248 1365 406 1410 Conjicit
426 1377 433 1400 z
461 1365 525 1399 illa
543 1365 630 1398 dato
648 1366 761 1399 vertit
780 1366 933 1409 vestigia
950 1369 1062 1409 tergo.

245 1419 339 1453 Tum
357 1430 443 1452 vero
462 1418 608 1452 AEnean
628 1430 794 1452 aversum
814 1422 857 1453 ut
877 1419 1002 1453 cedssre
1022 1419 1166 1453 Turnus

248 1472 423 1514 Credidit,
446 1474 557 1516 atque
576 1472 697 1505 animo
718 1484 818 1515 spem
838 1472 1008 1506 turb'dus
1026 1472 1148 1506 hausit
1168 1471 1314 1506 inanem
1334 1483 1341 1506 z

252 1528 276 1543 “
295 1525 375 1566 Quo
395 1525 504 1568 fugis,
527 1525 648 1558 AEnea
665 1525 676 1558 2
705 1525 886 1559 thalamos
905 1537 951 1559 ne
971 1525 1094 1559 desere
1113 1527 1238 1569 pactos
1257 1537 1263 1558 :

249 1579 333 1612 Hac
352 1579 500 1612 dabitur
519 1578 649 1611 dextra
666 1578 777 1611 tellus
797 1579 951 1622 quaesita
970 1590 1033 1622 per
1052 1577 1208 1611 undas.''
1426 1574 1468 1595 ⁶³⁰

249 1632 350 1666 Talia
368 1632 571 1665 vociferans
591 1631 769 1675 sequitur,
792 1632 1033 1675 strictumque
1053 1633 1217 1665 coruscat

250 1685 487 1726 Mucronem3
515 1696 581 1718 nec
600 1684 693 1718 ferre
714 1685 815 1718 videt
834 1696 899 1718 sua
917 1684 1050 1728 gaudia
1070 1687 1208 1718 ventos.

301 1739 412 1772 Forte
431 1737 532 1780 ratis,
555 1737 641 1770 celsi
661 1738 857 1781 conjuncta
876 1737 1059 1781 crepidine
1079 1738 1169 1780 saxi,

249 1791 436 1836 Expositis
455 1791 576 1824 stabat
595 1791 699 1824 scalis
717 1793 754 1824 et
774 1794 884 1835 ponte
904 1793 1051 1834 parato3

250 1845 333 1886 Qua
351 1856 416 1878 rex
436 1843 593 1878 Clu-inis-
609 1844 783 1877 advectus
804 1844 951 1877 Osinius
970 1844 1050 1878 oris.
1427 1840 1469 1859 “¹³⁵

249 1898 337 1932 Huc
356 1909 432 1931 sese
450 1897 594 1940 trepida
614 1897 744 1931 AEhieae
763 1897 940 1941 fugientis
959 1897 1077 1940 imago

251 1951 408 1996 Conjicit
426 1951 465 1984 in
484 1950 662 1984 latebras:
691 1961 758 1984 nec
778 1951 922 1984 Turnus
942 1951 1084 1994 segnior
1102 1950 1228 1993 instat,

253 2005 532 2048 Exsuperatque
552 2015 682 2046 moras,
705 2006 741 2037 et
761 2006 891 2047 pontes
910 2003 1070 2037 transilit
1090 2003 1190 2036 altos.

257 2057 328 2092 Vix
348 2069 492 2102 proram
511 2057 702 2100 attigerat:
733 2057 871 2101 rumpit
892 2057 1061 2090 Saturnia
1079 2056 1219 2100 funem,

252 2111 504 2154 Avulsamque
524 2110 619 2153 rapit
638 2109 805 2143 revoluta
824 2122 887 2154 per
906 2121 1053 2154 aequora
1072 2120 1211 2143 navcm.
1432 2105 1472 2124 ⁶⁴³*

252 2164 365 2198 Illum
385 2167 509 2197 autem
531 2162 667 2196 AEneas
686 2163 874 2197 absentem
893 2163 930 2196 in
950 2162 1075 2207 praelia
1094 2162 1230 2206 poscit:

254 2217 371 2251 Obvia
389 2217 509 2250 multa
527 2216 647 2249 virum
666 2215 831 2250 demittit
851 2227 1001 2260 corpora
1018 2215 1138 2249 morti.

254 2271 357 2304 Tunc
376 2269 466 2303 levis
485 2269 586 2302 haud
606 2269 704 2302 ultra
723 2269 879 2303 latebras
894 2269 973 2313 jain
993 2268 1124 2312 quterit
1143 2268 1278 2313 imago,

255 2323 326 2357 Sed
345 2322 500 2356 sublime
522 2322 647 2355 volans
666 2323 756 2356 nubi
775 2334 812 2356 se
831 2322 1028 2355 immiscuit
1048 2321 1164 2355 atrae?

255 2377 376 2418 Quum
397 2375 561 2409 Turnum
581 2375 701 2408 nie-dio
719 2375 860 2408 interca
877 2375 950 2409 feet
969 2386 1113 2419 aequore
1132 2374 1251 2407 turbo.
1432 2368 1474 2390 ⁰⁶¹²
