1559 2584
62 109 113 145 70

492 118 676 145 VIRGTLII
707 117 938 145 GEORGICA.

165 205 331 250 Amissis,
353 209 396 241 ut
415 207 524 250 fama,
546 206 675 250 apibus
693 205 891 248 morboque
910 205 1091 248 fameque,

166 259 295 293 Tristis
313 260 359 293 ad
379 260 534 293 extremi
553 270 695 293 sacrum
716 260 823 302 caput
843 258 987 291 adstitit
1007 258 1137 300 aimus,

168 312 291 347 Multa
310 325 463 357 querens
481 326 489 354 ;
518 315 628 356 atque
647 312 717 345 hac
736 312 868 345 affatus
887 322 973 344 voce
993 314 1179 354 parentem
1198 323 1258 345 :-·-

171 367 197 384 “
211 366 333 400 Mater
352 366 501 410 Cyrene,
526 368 654 408 mater,
677 376 760 408 quae
778 363 931 408 gurgitis
950 363 1061 407 hujus

169 418 249 453 Ima
266 422 382 462 tenes,
405 419 494 462 quid
513 430 570 452 me
590 418 762 462 praeclara
780 418 891 461 stirpe
911 417 1072 450 Deorum

169 471 223 516 (Si
241 472 360 515 modo,
386 484 494 516 quem
513 471 690 515 perhibes,
714 473 818 515 pater
838 473 892 504 est
911 469 1150 514 Thymbraeus
1170 470 1320 514 Apollo)

168 524 336 559 Invisum
354 525 441 559 fatis
459 525 617 569 genuisti
632 525 643 558 2
671 527 735 557 aut
755 535 827 568 quo
846 523 915 557 tibi
933 525 1049 556 nostri

169 578 304 612 Pulsus
323 578 449 612 amor?
477 578 567 622 quid
586 589 644 611 me
663 577 797 611 coelum
816 587 957 620 sperare
972 575 1126 620 jubebas
1142 575 1154 609 2

169 631 227 665 En
247 632 358 665 etiam
377 632 475 665 hunc
493 632 613 675 ipsum
633 631 720 664 vitae
739 630 903 664 mortalis
920 629 1107 671 honorem,

170 684 288 726 Quem
306 685 397 719 mihi
414 685 478 719 vix
495 685 643 728 frugum
662 687 699 718 et
718 683 899 728 pecudum
919 682 1083 716 custodia
1103 682 1213 715 solers

170 738 302 772 Omnia
320 738 482 772 tentanti
501 738 707 780 extuderat,
729 740 767 770 te
785 739 913 779 matre,
934 736 1110 779 relinquo.

171 791 270 832 Quin
289 803 366 835 age,
389 794 425 824 et
444 791 522 835 ipsa
540 802 653 824 manu
671 790 793 824 felices
812 802 896 823 erue
916 789 1037 832 sylvas
1055 802 1061 829 ;

169 844 242 879 Fer
260 844 414 878 stabulis
432 844 621 878 inimicum
639 845 772 888 ignem,
795 846 905 886 atque
924 842 1086 875 interfice
1105 853 1238 875 messes
1255 855 1261 874 ,-

171 897 246 932 Ure
265 900 355 941 sata,
378 900 415 932 et
433 898 593 932 validam
611 897 650 930 in
668 898 762 931 vites
780 896 907 929 molire
926 895 1121 939 bipennem
1139 908 1146 929 :

170 950 290 986 'l'anta
306 963 397 984 meae
416 951 447 984 si
464 954 502 984 te
521 953 695 994 ceperunt
713 950 825 983 taedia
842 948 997 982 laudis„

172 1004 225 1038 At
243 1006 361 1038 mater
379 1004 541 1038 sonitum
559 1004 721 1037 thalamo
741 1003 809 1036 sub
828 1002 988 1035 fluminis
1007 1001 1073 1035 alti

172 1057 294 1091 Sensit
311 1070 318 1092 z
347 1069 427 1091 eam
446 1058 580 1091 circum
600 1056 745 1090 Milesia
763 1056 899 1089 vellera
919 1055 955 1088 N
958 1055 1104 1099 ymphae

172 1110 390 1155 Carpebant,
412 1110 513 1154 hyali
532 1113 654 1144 saturo
674 1110 796 1143 fucata
815 1109 932 1142 colore
950 1121 958 1149 ;

171 1163 397 1208 Drymoque,
419 1163 657 1207 Xanthoque,
681 1163 875 1206 Ligeaque,
897 1161 1207 1205 Phyllodoceque,

172 1217 364 1251 Caesariem
383 1217 506 1250 effusae
525 1216 681 1250 nitidam
701 1227 765 1259 per
784 1214 938 1248 candida
957 1214 1049 1247 colla
1070 1227 1076 1248 ε

173 1266 227 1319 [N
230 1282 333 1313 esaee,
356 1270 526 1314 Spioque,
548 1269 759 1313 Thaliaque,
782 1263 1089 1316 Cymodoceun]

173 1324 423 1368 Cydippeque,
446 1326 483 1357 et
502 1323 596 1356 flava
614 1322 785 1366 Lycorias
803 1335 810 1363 3
839 1321 953 1354 altera
972 1321 1084 1364 virgo,

173 1377 301 1411 Altera
319 1379 399 1410 tum
418 1377 553 1420 primos
573 1375 722 1409 Lucinae
742 1377 891 1418 experta
909 1374 1050 1407 labores
1068 1385 1076 1408 z

174 1430 339 1475 Clioque,
362 1432 399 1463 et
418 1430 533 1463 Bero‘e'
554 1440 665 1471 soror,
689 1428 918 1462 Oceanitides
937 1427 1053 1460 ambae
1071 1439 1080 1468 ;

174 1483 306 1518 Ambae
325 1494 425 1526 auro,
447 1483 554 1527 pictis
574 1482 742 1515 incinctae
760 1481 916 1525 pellibus
929 1480 1051 1522 ,ambae
1071 1493 1077 1513 :

177 1537 303 1581 Atque
322 1536 483 1580 Ephyre,
505 1538 616 1580 atque
637 1535 736 1579 Opis,
759 1537 796 1568 et
815 1534 903 1567 Asia
921 1533 1096 1576 Deiopeia
1112 1546 1120 1575 ;

176 1590 226 1624 Et
245 1590 396 1624 tandem
416 1590 545 1633 positis
564 1589 671 1622 velox
691 1588 874 1621 Arethusa
893 1587 1035 1630 sagittis
1054 1599 1060 1620 :

176 1642 281 1677 Inter
299 1654 389 1687 quas
409 1654 533 1676 curam
553 1642 725 1685 Clymene
744 1641 914 1674 narrabat
932 1640 1078 1673 inanem

176 1696 348 1739 Vulcani,
372 1696 578 1740 Martisque
598 1695 711 1738 dolos,
734 1697 771 1728 et
791 1693 913 1727 dulcia
930 1694 1030 1727 furta
1048 1705 1056 1733 ;

174 1750 282 1794 Aque
303 1749 402 1783 Chao
420 1749 551 1783 densos
569 1749 708 1782 Divum
726 1747 943 1781 numerabat
962 1757 1110 1780 amores).

179 1803 347 1837 Carmine
368 1814 440 1846 quo
460 1805 587 1846 captae,
610 1801 700 1835 dum
718 1801 809 1834 fusis
828 1800 952 1834 mollia
970 1811 1082 1843 pensa

176 1856 402 1899 Devolvunt,
423 1856 559 1889 iterum
578 1858 759 1888 maternas
778 1853 925 1898 impulit
945 1864 1050 1886 aures

178 1909 317 1944 Luctus
336 1909 497 1952 Aristaei,
519 1908 719 1952 vitreisque
738 1907 912 1941 sedilibus
932 1917 1057 1940 omnes

178 1963 408 2007 Obstupuere
426 1976 433 2004 ;
462 1962 525 1996 sed
545 1964 629 1996 ante
649 1961 738 1995 alias
757 1960 941 1994 Arethusa
960 1971 1098 1993 sorores

179 2016 420 2060 Prospiciens,
444 2018 584 2050 summa
603 2015 740 2048 flavum
759 2016 868 2058 caput
888 2013 1024 2046 extulit
1043 2013 1152 2047 unda.

178 2069 228 2103 Et
246 2070 372 2113 procul
392 2082 399 2104 :
432 2071 457 2087 “
471 2069 501 2103 O
521 2068 660 2113 gemitu
679 2079 753 2101 non
771 2068 907 2101 frustra
926 2066 1101 2100 exterrita
1119 2068 1234 2110 tanto²

180 2122 320 2167 Cyrene
340 2134 439 2156 soror
456 2136 464 2164 ;
492 2122 569 2167 ipse
588 2121 669 2164 tibi,
690 2123 756 2155 tua
774 2120 934 2154 maxima
953 2131 1050 2163 cura,

180 2176 307 2209 Tristis
326 2176 516 2219 Aristaeus,
539 2175 652 2209 Penei
671 2174 845 2219 genitoris
864 2173 911 2207 ad
929 2173 1068 2207 undam

182 2228 263 2263 Stat
282 2229 497 2272 lacrymans,
521 2231 557 2262 et
577 2231 614 2262 te
634 2228 817 2262 crudelem
836 2226 984 2260 nomine
1004 2226 1103 2260 dicit.
1112 2225 1133 2242 ''

182 2282 281 2316 Huic
299 2282 465 2326 perculsa
483 2284 580 2315 nova
599 2284 762 2314 mentem
780 2279 974 2314 formidine
994 2282 1121 2322 mater,

184 2337 210 2354 “
226 2335 308 2369 Duc
327 2347 404 2379 age,
427 2335 498 2368 duc
517 2335 562 2369 ad
583 2346 649 2368 nos
668 2347 675 2375 ;
703 2334 758 2368 fas
777 2333 831 2367 illi
849 2333 977 2367 limina
996 2332 1133 2366 Divum

182 2388 381 2433 Tangere,'’
402 2388 453 2422 ait
471 2402 478 2423 ;
507 2388 616 2421 simul
636 2387 710 2421 alta
725 2387 832 2431 jubet
851 2386 1033 2420 discedere
1053 2386 1125 2419 late

1338 308 1377 329 322ss

1342 838 1383 858 530

1347 1370 1386 1390 nn

1346 1638 1387 1658 ¹5³⁵

1349 1904 1390 1924 350

1349 2170 1390 2189 ³²⁵
