1528 2569
682 77 816 105 mmm
847 74 938 104 vm.
1383 63 1461 102 l-l‘d

256 165 407 201 Ducunt
425 168 608 200 exsortem
631 165 760 199 AEneae
778 178 785 207 ;
814 176 923 209 quem
943 163 1046 196 fulva
1064 161 1179 195 leonis

256 219 368 254 Pellis
387 219 464 252 obit
482 222 616 262 totum,
638 218 857 262 praefulgeus
875 215 1060 258 unguibus
1077 214 1203 248 aureis.

309 272 423 306 Fama
440 272 540 305 volat
559 280 709 311 parvam
729 267 849 300 subito
868 268 1017 310 vulgata
1035 278 1098 311 per
1116 267 1255 311 urbem,

257 323 377 367 ocyus
395 325 447 353 ire
466 320 606 363 equites
625 319 803 362 Tyrrheni
820 320 867 353 ad
885 319 1012 353 limina
1028 319 1130 363 regis.

255 375 355 409 Vota
372 376 475 406 metu
493 372 682 416 duplicant
701 375 847 415 matres,
869 372 1088 416 propiusque
1106 371 1241 416 periclo

255 428 293 458 It
312 426 434 467 timor,
456 427 493 458 et
512 425 628 469 major
647 425 780 459 Martis
795 425 872 468 jam
891 428 1040 468 apparet
1059 425 1186 469 imago.

256 477 350 510 Tum
368 480 470 521 pater
490 478 683 512 Evandrus
703 478 870 511 dextram
889 478 1097 521 complexus
1117 476 1238 513 euntis

255 529 396 573 Haeret,
418 530 644 574 inexpletum
662 531 878 574 lacrymam,
900 542 941 564 ac
959 531 1049 564 talia
1068 530 1166 564 fatur
1183 543 1190 565 :

259 584 284 600 “
300 582 330 616 Ο
350 583 439 616 mihi
457 584 660 627 praeteritos
678 584 812 617 referat
832 584 862 616 si
879 582 1028 627 Jupiter
1047 594 1162 616 annos
1179 584 1186 617 ἔ

255 634 380 676 Qualis
400 648 509 678 eram,
533 648 646 680 quum
665 636 817 679 plimam
838 636 951 670 aciem
970 635 1156 669 Praeneste
1175 635 1243 670 sub
1262 635 1341 680 ipsa

255 687 388 731 Stravi,
407 692 666 732 scutorumque
685 688 831 722 incendi
851 688 966 721 victor
984 699 1142 731 acervos,

253 740 303 774 Et
322 752 443 784 regem
462 741 530 774 hac
549 741 722 774 Herilum
741 741 872 774 dextra
892 740 959 774 sub
980 741 1130 775 Tartara
1147 739 1231 774 misi
1249 752 1258 776 z

253 793 292 826 Ν
294 793 431 827 ascenti
449 793 507 827 cui
525 796 600 827 tres
618 793 756 827 animas
776 793 930 826 Feronia
948 795 1064 826 mater

253 845 504 890 (Horrendum
523 846 625 879 dictu
645 846 669 890 l)
698 846 860 887 dederat,
882 848 988 879 terna
1005 857 1106 880 arma
1123 845 1304 881 movenda
1319 859 1329 889 3

253 898 322 932 Ter
340 899 414 932 leto
434 899 652 933 sternendus
671 901 748 932 erat
767 911 773 933 :
803 898 861 932 cui
879 901 970 932 tunc
987 900 1112 932 tamen
1131 910 1256 932 omnes

251 951 418 985 Abstulit
436 951 514 985 haec
531 952 670 985 animas
688 952 829 994 dextra,
851 954 888 984 et
906 950 1061 984 totidem
1081 951 1184 985 exuit
1202 951 1320 987 armis.

252 1004 339 1038 Non
359 1015 424 1048 ego
444 1016 541 1038 nunc
560 1004 659 1038 dulci
677 1005 847 1048 amplexu
866 1003 1038 1037 divellere
1056 1015 1223 1048 usquam,

253 1056 363 1100 Nate,
385 1060 450 1091 tuo
471 1072 477 1093 :
506 1069 625 1101 neque
644 1057 822 1091 finitimus
841 1056 1046 1090 Mezentius
1064 1068 1232 1101 usquam,

254 1109 354 1143 Huic
373 1110 483 1153 capiti
500 1110 691 1153 insultans,
712 1113 770 1143 tot
788 1110 882 1143 ferro
902 1121 998 1143 saeva
1016 1105 1175 1143 dedisset

251 1162 409 1206 Funera,
431 1166 508 1196 tam
527 1163 654 1196 multis
671 1163 860 1196 viduasset
879 1162 1018 1196 civibus
1035 1162 1172 1197 urbem.

251 1216 304 1249 At
321 1227 398 1258 vos»,
420 1226 441 1249 o
460 1217 589 1259 superi,
614 1219 651 1249 et
670 1215 807 1249 Divum
826 1219 869 1249 tu
887 1215 1045 1248 maxime
1064 1217 1194 1259 rector,

251 1267 416 1312 Jupiter,
438 1268 599 1311 Arcadii,
623 1280 758 1312 quaeso,
780 1268 998 1301 miserescite
1016 1267 1122 1311 regis,

251 1321 300 1354 Et
319 1321 454 1364 patrias
472 1321 596 1354 audite
615 1333 745 1365 preces,
807 1321 845 1354 Si
863 1320 1015 1354 numina
1032 1323 1154 1354 vestra

251 1373 477 1407 Incolumem
497 1373 665 1407 Pallanta
684 1373 785 1416 mihi,
808 1373 839 1406 si
856 1373 933 1407 fata
950 1375 1137 1407 reservant
1153 1385 1162 1415 ;

252 1426 290 1460 Si
308 1426 452 1460 visurus
471 1438 555 1460 cum
569 1427 666 1469 vivo,
688 1429 726 1459 et
743 1429 920 1460 venturus
938 1425 977 1459 in
996 1437 1111 1459 unum
1131 1438 1140 1467 ;

251 1478 379 1512 Vitam
398 1490 460 1512 oro
481 1491 488 1513 ε
517 1479 637 1523 patiar
656 1479 820 1523 quemvis
839 1479 969 1512 durare
988 1478 1159 1512 laborem.

251 1531 315 1565 Sin
335 1531 494 1575 aliquem
512 1531 706 1565 infandum
725 1543 860 1575 casum,
883 1531 1060 1574 Fortuna>
1081 1530 1244 1576 minaris,

250 1584 361 1618 Nunc
380 1596 413 1627 0,
434 1596 533 1618 nunc
551 1585 659 1618 liceat
678 1584 863 1618 crudelem
882 1584 1096 1628 abrumpere
1116 1584 1242 1627 vitam,

249 1637 349 1671 Dum
368 1648 464 1671 curae
482 1637 675 1681 ambiguae,
695 1638 785 1671 dum
804 1648 885 1682 spes
902 1637 1042 1670 incerta
1061 1636 1178 1670 futuri
1194 1649 1204 1678 ;

249 1689 351 1724 Dum
368 1692 419 1733 te,
441 1701 520 1723 care
538 1702 639 1734 puer,
663 1702 743 1724 mea
762 1702 840 1724 sera
859 1692 895 1723 et
914 1690 990 1723 sola
1012 1689 1191 1733 voluptas,

251 1742 453 1786 Complexu
471 1745 578 1776 teneo
598 1756 607 1784 ς
636 1743 779 1786 gravior
797 1755 843 1776 ne
863 1742 1017 1776 nuntius
1035 1754 1142 1776 aures

250 1795 469 1829 Vulneret.''
527 1795 620 1828 Haec
639 1796 781 1839 genitor
799 1795 961 1838 digressu
981 1795 1079 1828 dicta
1099 1805 1268 1838 supremo

249 1847 444 1881 Fundebat
464 1860 472 1889 ;
500 1848 630 1881 famuli
648 1848 848 1892 collapsum
865 1848 904 1881 in
922 1850 1020 1880 tecta
1039 1847 1214 1882 ferebant.

302 1900 462 1944 Jamque
482 1900 574 1934 adeo
593 1900 732 1934 exierat
750 1901 864 1944 portis
883 1900 1070 1944 equitatus
1089 1900 1222 1944 apertis
1241 1910 1250 1935 τ

248 1953 387 1986 AEneas
407 1953 504 1986 'mter
522 1953 658 1997 primos
677 1955 714 1987 et
732 1953 828 1987 fidus
847 1953 1005 1986 Achates
1022 1966 1030 1995 ;

248 2005 342 2039 Inde
361 2005 423 2039 alii
441 2006 558 2050 Trojae
578 2017 740 2050 proceres
759 2019 767 2047 ;
795 2006 871 2050 ipse
891 2005 1033 2049 agmine
1053 2005 1175 2039 Pallas

247 2058 294 2092 In
312 2058 444 2101 medio,
468 2058 659 2102 chlamyde
679 2062 715 2092 et
735 2059 840 2102 pictis
860 2061 1072 2102 conspectus
1091 2059 1129 2092 in
1149 2056 1258 2092 armis
1274 2068 1283 2094 ε

248 2110 374 2151 Qualis
392 2110 456 2145 ubi
475 2111 610 2148 Oceani
627 2112 794 2156 perfusus
813 2111 959 2145 Lucifer
977 2111 1091 2154 unda,

248 2163 366 2204 Quem
385 2164 514 2198 Venus
532 2167 618 2198 ante
637 2165 726 2198 alios
745 2167 926 2198 astrorum
945 2164 1065 2208 diligit
1083 2164 1196 2208 ignes,

247 2215 396 2250 Extulit
415 2228 454 2250 os
474 2228 614 2251 sacrum
634 2217 735 2260 coelo,
759 2217 1000 2261 tenebrasque
1019 2217 1177 2251 resolvit.

246 2268 354 2302 Stant
372 2267 514 2312 pavidae
532 2270 572 2304 in
590 2270 704 2304 muris
722 2273 867 2313 matres,
889 2269 1074 2313 oculisque
1092 2271 1298 2313 sequuntur

245 2319 462 2356 Pulveream
479 2323 628 2368 nubem,
650 2326 688 2358 et
706 2323 887 2367 fulgentes
906 2334 976 2357 aere
995 2325 1165 2357 catervas,

1420 317 1463 339 56⁵

1422 579 1464 601 5⁶⁰

1417 844 1458 864 565

1415 1105 1459 1129 570

1416 1368 1459 1394 675

1417 1631 1461 1653 680

1416 1895 1459 1917 585

1413 2159 1457 2181 690
