1528 2569
373 483 434 540 P,
494 484 798 539 VIRGILII
860 484 913 537 M
922 483 1178 538 ARONIS

654 631 690 677 O
716 630 739 675 I
764 631 805 675 R
829 630 852 675 I
877 630 908 676 S

541 778 625 818 AD
658 778 746 817 ME
755 777 782 817 S
790 776 1002 817 SALAM.

223 1032 312 1066 ETSI
330 1043 400 1075 me,
417 1031 517 1065 vario
535 1031 711 1065 iactatum
730 1031 848 1065 laudis
867 1043 987 1065 amore

224 1086 404 1129 Irritaque
423 1088 614 1129 expertum
633 1085 771 1118 fallacis
789 1085 948 1129 praemia
966 1084 1079 1128 vulgi,

226 1139 417 1182 Cecropius
436 1150 564 1172 suaves
583 1139 769 1182 exspirans
787 1138 954 1171 hortulus
974 1150 1080 1171 aunis

224 1192 404 1225 Florentis
424 1192 531 1225 viridi
551 1191 704 1235 Sophiae
724 1192 977 1234 complectitur
994 1192 1124 1225 umbra
1142 1204 1149 1226 ε

224 1245 312 1278 Non
330 1257 372 1278 ea
391 1248 539 1289 quaeret
559 1256 600 1278 eo
620 1245 771 1288 dignum
790 1245 858 1278 sibi
877 1256 1048 1288 quaerere
1068 1256 1220 1279 carmen.

225 1298 347 1342 Longe
367 1298 467 1331 aliud
486 1298 650 1331 studium
668 1300 779 1341 atque
798 1298 887 1331 alios
905 1298 1066 1331 accincta
1085 1298 1237 1342 labores,

224 1352 347 1385 Altius
366 1351 411 1385 ad
431 1351 552 1394 magni
571 1351 760 1384 subtendit
779 1351 897 1384 sidera
915 1351 1056 1393 mundi,

224 1405 273 1438 Et
293 1405 467 1448 placitum
486 1404 608 1447 paucis
628 1416 715 1437 ausa
734 1406 788 1437 est
808 1404 1025 1437 adscendere
1046 1404 1183 1438 collem.

224 1458 312 1491 Non
330 1461 454 1491 tamen
473 1457 645 1490 absistam
664 1460 833 1501 coeptum
852 1457 1022 1490 detexere
1042 1469 1176 1490 munus
1193 1469 1201 1492 :

225 1511 270 1544 In
291 1522 363 1554 quo
382 1511 460 1544 iure
479 1522 577 1543 meas
596 1511 740 1544 utinam
758 1511 981 1553 requiescere
1002 1510 1142 1554 Musas,

225 1564 273 1597 Et
292 1564 421 1597 leviter
439 1564 615 1597 blandum
633 1563 739 1596 liceat
759 1563 938 1607 deponere
957 1575 1103 1597 morem.

226 1617 332 1658 Quod
352 1617 382 1650 si
400 1617 592 1650 mirificum
611 1629 617 1651 :
647 1616 755 1650 modo
775 1617 822 1649 sit
842 1617 911 1650 tibi
929 1617 1022 1650 velle
1041 1617 1155 1651 libido
1172 1618 1180 1651 !

225 1670 263 1704 Si
282 1682 339 1703 me
358 1670 430 1704 iam
450 1682 592 1703 summa
611 1670 796 1714 Sapientia
815 1672 988 1714 pangeret
1007 1681 1098 1713 arce,

227 1724 393 1764 Quatuor
412 1724 574 1766 antiquis
594 1735 686 1767 quae
705 1723 898 1757 heredibus
919 1726 973 1756 est
993 1723 1079 1757 data
1099 1735 1256 1766 consorS,

225 1776 332 1810 Unde
352 1777 543 1810 hominum
562 1788 698 1810 errores
718 1776 823 1819 longe
843 1777 988 1820 lateque
1007 1788 1071 1820 per
1090 1777 1214 1810 orbem

226 1829 418 1873 Despicere
438 1832 548 1872 atque
568 1829 723 1863 humiles
743 1841 885 1873 possem
905 1832 1136 1863 contemnere
1158 1842 1260 1863 cum>-
1279 1842 1286 1864 z

226 1883 315 1916 Non
334 1894 399 1926 ego
418 1885 455 1916 te
474 1883 586 1916 talem
605 1894 796 1916 venerarer
814 1894 964 1916 munere
985 1883 1061 1925 tali,

227 1936 316 1970 Non
335 1936 516 1979 equidem,
539 1936 704 1979 quamvis
722 1936 908 1969 interdum
927 1936 1053 1969 ludere
1072 1935 1177 1969 nobis

228 1989 278 2022 Et
295 1989 465 2033 gracilem
484 1989 585 2021 molli
604 1989 710 2022 liceat
730 1989 820 2032 pede
841 1989 1006 2022 claudere
1026 2001 1173 2022 versum
1189 2002 1198 2031 3

228 2042 299 2076 Sed
319 2054 450 2086 magno
470 2042 648 2084 intexens,
672 2043 702 2075 si
721 2042 775 2075 fas
795 2044 849 2075 est
869 2043 999 2084 dicere,
1021 2043 1140 2086 peplo,

229 2095 354 2136 Qualis
374 2095 586 2128 Erechtheis
606 2095 693 2128 olim
712 2098 879 2138 portatur
899 2096 1066 2138 Athenis,

228 2147 363 2182 Debita
383 2160 465 2181 cum
485 2151 603 2181 castae
623 2149 816 2181 solvuntur
834 2151 921 2182 vota
941 2148 1142 2191 Minervae,

229 2201 391 2235 Tardave
412 2201 576 2235 confecto
595 2202 750 2234 redeunt
771 2201 1030 2245 Quinqueunia
1049 2202 1177 2244 lustro,

231 2254 323 2288 Cum
342 2255 432 2288 levis
451 2254 591 2288 alterno
612 2254 799 2298 Zephyrus
819 2254 1045 2288 concrebruit
1064 2255 1175 2298 Euro,

231 2307 280 2341 Et
298 2319 412 2351 prono
430 2307 621 2351 gravidum
640 2308 809 2352 provexit
828 2308 986 2351 pondere
1007 2319 1161 2342 currum.

231 2360 335 2394 Felix
354 2361 417 2395 illa
435 2361 524 2404 dies,
546 2361 635 2394 felix
654 2364 691 2394 ct
710 2361 845 2394 dicitur
863 2373 994 2404 annus,

1415 1508 1440 1528 lo

1418 2305 1442 2326 v
