1559 2584
596 116 781 142 VIRGILH
812 116 849 142 ΣΕ
857 116 966 142 NEIS.

231 204 492 247 Instauratque
510 203 608 237 diem
627 203 743 246 donis,
765 203 1018 247 pecudumque
1037 204 1185 237 reclusis

232 257 447 291 Pectoribus
465 256 609 290 inhians
628 256 804 300 spirantia
821 256 978 290 consulit
996 259 1089 291 exta.

233 310 321 344 Heu
339 312 467 343 vatum
485 309 619 354 ignarae
637 312 778 343 mentes
798 311 804 344 ἔ
835 309 924 353 quid
943 312 1030 343 vota
1047 311 1242 354 furentem,

234 363 332 404 Quid
351 363 503 396 delubra
515 362 651 407 juvant
665 362 676 396 2
704 365 759 396 est
776 362 896 396 mollis
913 363 1059 396 flamma
1076 363 1253 397 medullas

233 416 393 459 Interea,
416 418 453 450 et
473 415 627 450 tacitum
645 415 739 449 vivit
758 415 825 449 sub
843 418 988 460 pectore
1006 417 1150 450 vulnus.

235 469 367 503 Uritur
384 469 513 503 infelix
530 469 640 511 Dido,
661 470 817 513 totaque
835 471 991 512 vagatur

235 522 336 557 Urbe
353 523 478 556 furens
496 535 503 556 ε
532 522 650 566 qualis
668 521 832 566 conjecta
850 533 955 557 cerva
973 521 1118 565 sagitta,

236 576 354 617 Quam
373 576 499 620 procul
516 575 702 608 incautam
720 587 868 609 nemora
886 575 982 608 inter
1003 575 1142 608 Cressia
1160 575 1240 609 fixit

235 629 367 663 Pastor
385 641 494 673 agens
512 629 607 672 telis,
628 628 810 673 liquitque
828 628 976 662 volatile
994 629 1132 662 ferrum

236 682 392 717 Nescius
410 696 417 724 3
445 682 508 716 illa
526 682 615 726 fuga
634 682 754 726 sylvas
772 682 958 726 saltusque
976 684 1142 726 peragrat

236 736 396 770 Dictaeos
413 749 421 777 ;
449 736 563 769 haeret
582 734 689 769 lateri
706 735 852 768 lethalis
870 735 1020 769 arundo.

238 789 349 824 Nunc
367 789 488 823 media
507 788 654 822 AEnean
673 800 794 822 secum
813 800 877 832 per
894 789 1030 822 moenia
1049 788 1163 831 ducit,

238 842 479 887 Sidoniasque
498 844 659 876 ostentat
679 853 776 886 opes,
797 842 998 886 urbemque
1017 844 1190 885 paratam.
1231 875 1233 879 Δ

237 896 375 941 Incipit
394 895 507 939 effari,
528 895 720 939 mediaque
740 895 779 928 in
797 907 885 928 voce
904 895 1049 928 resistit.

238 950 350 984 Nunc
369 948 508 992 eadem,
529 949 675 982 labente
694 948 765 991 die,
788 948 954 982 convivia
973 948 1116 992 quaerit,

238 1002 442 1046 Iliacosque
460 1002 594 1035 iterum
614 1001 764 1035 demens
783 1001 908 1034 audire
927 1001 1068 1034 labores

238 1056 425 1100 Exposcit,
447 1055 657 1099 pendetque
676 1054 811 1087 iterum
828 1054 1011 1087 narrantis
1030 1054 1075 1087 ab
1094 1065 1163 1087 ore.

239 1109 341 1152 Post,
363 1109 427 1142 ubi
445 1108 608 1152 digressi,
630 1107 827 1151 lumenque
847 1107 997 1141 obscura
1015 1107 1174 1140 vicissim

238 1163 345 1196 Luna
363 1162 507 1205 premit,
529 1161 756 1204 suadentque
776 1160 944 1194 cadentia
963 1160 1080 1193 sidera
1099 1172 1256 1203 somnos,

241 1216 324 1250 Sola
344 1215 451 1249 domo
471 1217 601 1248 moeret
620 1216 746 1257 vacua,
768 1214 964 1258 stratisque
982 1213 1117 1247 relictis

240 1269 399 1303 Incubat
420 1281 427 1302 2
456 1268 562 1301 illum
581 1267 711 1301 absens
730 1268 918 1301 absentem
937 1267 1113 1311 auditque
1133 1266 1306 1310 videtque
1327 1279 1335 1308 ;

239 1324 318 1357 Aut
337 1321 473 1366 gremio
492 1321 704 1363 Ascanium,
725 1321 899 1364 genitoris
917 1320 1074 1364 imagine
1095 1323 1212 1364 capta,

240 1376 405 1419 Detinet,
427 1374 620 1409 infandum
640 1374 671 1407 si
688 1374 813 1408 fallere
832 1374 945 1418 possit
964 1385 1132 1407 amorem.

241 1430 328 1464 Non
350 1431 478 1473 coeptae
498 1430 693 1471 assurgunt
711 1430 842 1471 turres,
864 1439 939 1461 non
957 1439 1058 1461 arma
1072 1427 1251 1471 juventus

241 1483 409 1526 Exercet,
431 1484 603 1526 portusve
623 1483 687 1514 aut
706 1481 978 1525 propugnacula
996 1480 1091 1513 bello

243 1537 340 1570 Tuta
358 1537 488 1579 parant
509 1547 516 1568 ε
544 1534 707 1578 pendent
726 1545 834 1578 opera
847 1534 1062 1577 interrupta,
1084 1533 1266 1576 minaeque

242 1589 436 1623 lWIuroruni
455 1588 634 1632 ingentes,
657 1590 875 1631 aequataque
894 1587 1061 1621 machina
1079 1586 1180 1620 coelo.

298 1642 416 1683 Quam
436 1641 545 1674 simul
563 1652 604 1674 ac
622 1640 689 1674 tali
708 1640 885 1684 persensit
903 1642 1004 1684 peste
1024 1639 1141 1673 teneri

244 1696 336 1730 Cara
354 1695 380 1728 J
383 1695 460 1728 ovis
480 1694 615 1738 conjux
635 1705 701 1727 nee
720 1694 856 1727 famam
875 1694 1018 1727 obstare
1038 1692 1165 1735 furori,

243 1749 391 1783 Talibus
408 1747 619 1792 aggreditur
637 1747 819 1780 Venerem
839 1747 1009 1781 Satiu‘nia
1028 1746 1136 1779 dictis
1153 1758 1160 1780 :

247 1804 273 1822 “
287 1802 480 1846 Egregiam
500 1812 585 1834 vero
603 1800 751 1833 laudem
770 1802 807 1833 et
827 1800 941 1844 spolia
959 1801 1080 1843 ampla
1099 1799 1255 1842 refertis,

244 1856 372 1900 Tuque
391 1865 553 1898 puerque
572 1856 660 1887 tuus
680 1867 688 1895 ;
717 1865 891 1898 magnum
911 1856 947 1887 et
966 1852 1199 1887 memorabile
1220 1863 1370 1896 numen,

245 1910 330 1944 Una
349 1908 432 1942 dolo
452 1908 590 1940 Divum
609 1906 639 1940 si
658 1907 810 1940 faemina
828 1907 926 1941 victa
946 1907 1102 1940 duorum
1122 1908 1186 1939 est.

246 1963 285 1998 N
288 1974 327 1996 ec
346 1974 403 1995 me
423 1961 514 1994 adeo
533 1960 641 2003 fallit,
663 1960 819 1994 veritam
838 1962 875 1994 te
895 1960 1032 1994 moenia
1050 1961 1175 1993 nostra

245 2016 440 2060 Suspectas
458 2013 626 2048 habuisse
646 2013 772 2047 domos
792 2013 1020 2058 Carthaginis
1038 2013 1132 2046 altae.

246 2070 318 2104 Sed
337 2068 419 2112 quis
438 2067 507 2101 erit
525 2066 682 2100 modus?
710 2069 774 2100 aut
793 2079 865 2111 quo
884 2078 982 2100 nunc
1002 2065 1199 2100 certamina
1217 2067 1322 2097 tanta
1340 2063 1352 2098 ’.Ῑ

247 2123 345 2164 Quin
364 2121 486 2166 potius
505 2131 630 2164 pacem
650 2122 825 2153 {eternam
845 2122 1042 2164 pactosque
1061 2119 1271 2162 hymenaeos

246 2176 469 2210 Exercemus
487 2173 495 2207 ,ἲ
523 2173 634 2206 habes
652 2175 732 2207 tota
752 2174 850 2217 quod
870 2176 992 2207 niente
1011 2171 1136 2217 petisti
1153 2183 1160 2205 :

247 2229 365 2263 Ardet
384 2238 509 2261 amans
529 2226 626 2260 Dido
645 2227 833 2271 traxitque
853 2239 916 2271 per
935 2237 1015 2260 ossa
1033 2226 1202 2259 furorem.

248 2282 486 2316 Communem
505 2279 604 2313 hunc
623 2291 707 2323 ergo
726 2280 901 2324 populum
920 2279 1139 2323 paribusque
1158 2288 1325 2321 regamus

247 2334 429 2379 Auspiciis
450 2346 457 2374 ;
485 2332 593 2366 liceat
612 2333 771 2377 Phrygio
791 2333 923 2367 servire
942 2332 1085 2374 marito,

247 2388 470 2432 Dotalcsque
489 2388 564 2419 tire
585 2385 711 2429 Tyrios
730 2386 939 2430 permittere
959 2383 1135 2419 dextzucf'

1413 308 1440 328 65

1419 837 1446 860 75

1423 1106 1450 1123 So

1427 1637 1454 1657 90

1429 1902 1456 1923 95

1420 2167 1459 2188 100
