1559 2584
177 105 256 145 146

650 115 837 142 VIRGILII
866 113 1019 141 AENEIS.

281 204 351 238 His
369 203 608 237 informatum
627 201 796 236 manibus
813 201 892 246 jam
906 202 1010 245 parte
1028 199 1144 245 polita

281 257 438 291 Fulmen
458 258 547 299 erat,
569 257 650 289 toto
669 255 814 299 genitor
833 265 916 298 quae
935 253 1092 298 plurima
1110 253 1202 287 coelo

281 309 417 353 Dejicit
436 309 474 342 in
492 311 608 342 terras
625 321 633 350 3
661 319 745 351 pars
763 307 975 351 imperfecta
993 306 1184 348 manebat;

283 363 370 396 Tres
389 362 514 395 imbris
532 361 623 395 torti
640 361 772 404 radios,
793 362 868 394 tres
887 359 994 393 nubis
1012 370 1158 403 aquosae

282 415 526 458 Addiderant,
547 413 651 448 rutili
668 416 743 447 tres
761 413 855 458 ignis
874 415 910 446 et
929 412 1027 446 alitis
1046 411 1175 445 Austri
1192 424 1200 453 ;

283 468 459 512 Fulgores
478 478 576 501 nunc
594 466 782 509 terrificos,
805 466 1052 510 sonitumque,
1074 467 1288 509 metumque

285 521 496 555 Miscebant
515 520 626 564 operi,
647 519 877 563 flammisque
896 518 1109 562 sequacibus
1127 517 1208 551 iras.

284 573 395 607 Parte
414 573 485 607 alia
503 573 619 606 Marti
637 584 857 617 currumque
875 574 1045 615 rotasque
1063 570 1228 604 volucres

286 627 491 670 Instabant,
517 626 649 670 quibus
667 626 729 660 ille
747 625 856 668 viros,
879 624 1011 669 quibus
1026 624 1161 657 excitat
1180 623 1308 665 urbes;

289 680 498 724 AEgidaque
517 679 735 722 horrificam,
757 678 917 712 turbatse
937 677 1096 711 Palladis
1115 688 1228 719 arma,

288 733 463 767 Certatim
483 732 643 777 squamis
662 734 873 776 serpentum
893 742 1054 775 auroque
1074 729 1261 774 polibant3

288 786 552 830 Gonnexosque
570 797 717 829 angues,
741 785 930 829 ipsamque
950 784 989 817 in
1010 786 1153 827 pectore
1172 782 1279 816 Divae

289 839 472 884 Gorgona,
494 839 639 872 desecto
659 840 863 872 vertentem
882 837 1022 871 lumina
1041 836 1142 870 collo.

293 894 319 912 “
338 892 469 926 Tollite
490 891 661 935 cuncta,’'
680 891 816 935 inquit,
853 892 875 909 “
890 892 1101 934 coeptosque
1120 889 1260 923 auferte
1278 888 1430 931 labores,

291 945 432 979 AEtnaei
452 945 639 990 Cyclopes,
661 947 699 978 et
717 944 790 978 huc
808 943 989 977 advertite
1008 945 1178 976 mentem.

289 999 404 1032 Anna
422 998 496 1032 acri
514 997 681 1031 facienda
700 997 778 1030 viro
799 1009 806 1031 :
836 1007 933 1030 nunc
953 996 1093 1029 viribus
1112 1006 1212 1038 usus,

291 1051 329 1085 N
331 1062 404 1085 unc
422 1051 591 1084 manibus
608 1050 756 1094 rapidis,
779 1049 879 1083 omni
897 1060 995 1082 nunc
1014 1050 1092 1082 arte
1110 1048 1292 1092 magistra.

291 1104 526 1148 Praecipitate
545 1115 673 1137 moras.
681 1103 702 1119 '⁷
760 1102 840 1136 Nec
859 1102 964 1146 plura
984 1102 1113 1135 effatus
1129 1113 1138 1143 ;
1166 1103 1205 1135 at
1223 1100 1279 1134 illi

293 1157 416 1201 Ocyus
433 1156 630 1190 incubuere
649 1167 787 1199 omnes,
809 1155 1017 1199 pariterque
1036 1154 1198 1188 laborem

293 1209 423 1244 Sortiti
441 1221 447 1244 :
476 1209 558 1243 fluit
577 1220 627 1243 aes
645 1208 744 1253 rivis,
766 1208 918 1252 aurique
937 1207 1128 1241 metallum
1147 1219 1156 1249 3

293 1263 573 1307 Vulnificusque
593 1259 743 1306 chalybs
763 1263 867 1295 vasta
885 1261 1029 1295 fornace
1048 1259 1227 1304 liquescit.

294 1316 487 1360 Ingentem
507 1316 675 1360 clypeum
694 1315 906 1358 informant,
928 1325 1044 1348 unum
1063 1313 1185 1347 omnia
1204 1314 1331 1348 contra

297 1369 386 1403 Tela
404 1369 620 1402 Latinorum
641 1380 648 1403 :
677 1370 918 1412 septenosque
937 1366 1086 1401 orbibus
1105 1367 1209 1400 orbes

294 1422 517 1467 Impediunt.
578 1421 654 1455 Alii
671 1421 833 1455 ventosis
850 1420 997 1454 follibus
1012 1431 1118 1453 auras

295 1475 494 1519 Accipiunt
513 1474 748 1518 redduntque
765 1487 773 1516 ;
802 1473 864 1508 alii
883 1471 1078 1508 stridentia
1097 1473 1249 1516 tingunt

296 1528 388 1562 AEra
406 1528 497 1562 lacu.
560 1527 683 1561 Gemit
703 1527 880 1571 impositis
899 1526 1094 1560 incudibus
1113 1528 1261 1559 antrum
1279 1536 1287 1560 τ

296 1581 357 1615 Illi
374 1580 472 1614 inter
490 1591 565 1614 sese
585 1581 704 1614 multa
723 1580 758 1614 vi
776 1579 924 1613 brachia
941 1579 1079 1613 tollunt

294 1634 341 1668 In
359 1645 564 1676 numerum,
587 1636 807 1677 versantque
825 1632 944 1666 tenaci
961 1631 1096 1675 forcipe
1115 1642 1281 1665 massam.

350 1686 442 1721 Haec
461 1690 565 1730 pater
584 1686 716 1720 AEoliis
735 1688 905 1730 properat
925 1685 1014 1719 dum
1034 1683 1207 1718 Lemnius
1226 1682 1310 1727 oris,

296 1739 510 1773 Evandrum
529 1751 575 1773 ex
592 1738 725 1772 humili
743 1741 841 1772 tecto
861 1738 926 1771 lux
943 1738 1093 1771 suscitat
1112 1736 1220 1781 alnao,

295 1793 345 1826 Et
364 1792 540 1827 matutini
556 1792 745 1826 volucrum
764 1791 831 1825 sub
850 1791 1007 1824 culmine
1026 1792 1164 1824 cantus.

297 1845 492 1890 Consurgit
511 1845 644 1888 senior,
666 1845 865 1889 tunicaque
884 1843 1074 1877 inducitur
1092 1846 1207 1885 artus,

297 1898 347 1933 Et
367 1899 554 1942 Tyrrhena
572 1898 708 1942 pedum
728 1897 930 1931 circumdat
950 1896 1097 1930 vincula
1115 1895 1252 1939 plantis
1269 1906 1276 1929 τ

298 1952 391 1986 Tum
410 1951 517 1985 lateri
535 1954 646 1996 atque
666 1950 826 1984 humeris
845 1951 1037 1994 Tegeaeum
1057 1948 1216 1992 subligat
1235 1959 1358 1982 ensem
1375 1960 1383 1990 ς

297 2004 464 2039 Demissa
482 2004 528 2038 ab
546 2004 640 2038 laeva
658 2003 815 2048 panther
828 2017 845 2036 e
865 2006 968 2046 terga
986 2004 1212 2045 retorquens.

298 2057 378 2091 Nec
396 2068 471 2091 non
490 2059 528 2091 et
545 2057 681 2101 gemini
701 2056 872 2090 cu-todes
891 2056 1017 2089 limine
1036 2054 1082 2088 ab
1102 2054 1177 2087 alto

298 2109 521 2151 Pmoedunt,
544 2121 780 2153 gressumque
801 2120 906 2142 canes
926 2108 1148 2142 comitantur
1165 2106 1327 2141 herilem.

299 2163 468 2206 Hospitis
488 2163 617 2196 AEneae
637 2163 760 2196 sedem
780 2165 817 2196 et
837 2163 974 2195 secreta
993 2160 1153 2203 petebat,

299 2215 516 2250 Sermonum
534 2227 673 2249 memor
691 2218 728 2249 et
745 2214 912 2259 promissi
929 2212 1103 2255 muneris,
1124 2212 1240 2246 heros.

298 2268 337 2302 N
339 2280 379 2302 ec
398 2268 520 2302 minus
539 2269 677 2302 AEneas
696 2280 733 2302 se
752 2267 957 2301 matutinus
976 2265 1116 2310 agebat.

299 2321 416 2355 Filius
434 2320 520 2354 huic
540 2321 672 2365 Pallas,
695 2321 759 2355 olli
777 2332 896 2354 comes
914 2319 991 2353 ibat
1010 2319 1178 2352 Achates.

302 2372 493 2418 Congressi
506 2374 672 2418 jungunt
690 2374 852 2416 dextras,
873 2371 1075 2416 mediis-que
1094 2371 1261 2405 residunt,

1452 408 1494 429 430

1454 672 1496 693 435

1455 938 1497 958 ⁴⁴0

1460 1203 1503 1224 4⁴⁵

1462 1467 1507 1488 450

1465 1732 1506 1753 ⁴5⁵

1468 1996 1508 2017 480

1467 2261 1511 2282 ⁴0⁶
