1528 2569
651 90 785 116 mnan
814 90 861 116 11.
1355 77 1400 114 ο]

203 177 359 211 Lubrica
377 178 562 212 convolvit
581 178 725 212 sublato
744 180 888 222 pectore
907 179 1011 221 terga

204 231 354 265 Arduus
373 231 419 264 ad
438 231 561 273 solem,
582 234 619 264 et
638 231 772 275 linguis
790 231 900 265 micat
919 242 978 264 ore
998 228 1166 263 trisulcis.

206 283 290 317 Una
308 283 436 327 ingens
455 283 630 327 Periphas
646 287 682 317 et
703 295 878 328 equorum
898 283 1055 327 agitator
1072 281 1227 316 Achillis

205 336 373 380 Armiger
391 337 638 379 Automedon,
661 348 735 370 una
754 337 871 370 omnis
891 336 1015 379 Scyria
1033 335 1147 379 pubes

205 389 413 423 Succedunt
430 392 541 432 tecto,
563 392 600 422 et
619 389 783 423 flammas
802 389 848 423 ad
868 389 1026 422 culmina
1041 388 1194 433 jactant.

206 441 290 485 Ipse
308 442 407 475 inter
424 442 558 486 primos
578 445 744 486 correpta
763 442 856 476 dura
874 441 1023 486 bipenni

205 494 350 528 Limina
368 495 583 539 perrumpit,
605 498 798 539 postesque
817 506 838 528 a
857 495 1002 528 cardine
1020 493 1123 527 vellit

207 548 357 581 AEratos
374 561 382 589 ;
406 548 558 592 jamque
578 548 698 582 excisa
715 548 817 581 trabe
837 549 941 581 firma
960 547 1103 581 cavavit

206 600 364 642 Robora,
387 603 423 634 et
442 601 625 644 ingentem
644 601 720 634 lato
739 601 841 634 (ledit
860 611 920 634 ore
939 600 1146 633 fenestram.

207 654 371 696 Apparet
390 653 518 686 domus
537 654 649 695 intus,
672 657 708 686 et
727 653 819 686 atria
838 653 945 695 longa
963 654 1156 695 patescunt
1174 663 1183 692 ;

207 706 396 749 Apparent
415 706 551 739 Priami
571 709 607 738 et
626 711 790 738 veterum
808 705 1008 748 penetralia
1026 716 1152 747 regum
1169 716 1178 745 ;

207 758 450 801 Armatosque
468 758 596 791 vident
614 761 752 791 stantes
770 758 809 791 in
827 758 952 791 limine
971 757 1096 801 primo.

264 812 316 844 At
335 811 465 844 domus
484 811 638 844 interior
655 811 794 855 gemitu
812 811 1017 853 miseroque
1036 808 1203 843 tumultu

209 863 397 906 Miscetur,
419 864 637 908 penitusque
657 875 754 897 cavae
772 863 1006 907 plangoribus
1025 862 1122 896 aedes

209 916 405 950 Foemineis
422 916 567 950 ululant
585 930 592 958 3
620 917 705 950 ferit
724 928 833 950 aurea
852 916 968 949 sidera
987 916 1130 950 clamor.

214 969 308 1002 Tum
327 969 470 1013 pavidae
489 970 595 1003 tectis
614 972 748 1003 matres
766 969 975 1013 ingentibus
995 971 1130 1011 errant,

210 1022 472 1066 Amplexaeque
490 1025 620 1056 tenent
638 1026 774 1067 postes,
797 1025 907 1066 atque
928 1021 1050 1055 oscula
1068 1021 1196 1064 figunt.

210 1074 332 1108 Instat
351 1075 388 1108 vi
405 1075 525 1119 patria
544 1075 709 1119 Pyrrhus
725 1088 731 1110 :
762 1087 829 1108 nec
845 1075 1001 1108 claustra
1020 1086 1139 1117 neque
1158 1073 1228 1117 ipsi

212 1127 391 1161 Custodes
410 1129 557 1161 sufferre
576 1129 700 1162 valent
722 1141 728 1162 :
755 1128 856 1162 labat
875 1128 987 1161 ariete
1007 1127 1131 1161 crebro

212 1180 238 1214 J
241 1192 348 1223 anua,
370 1183 407 1214 et
426 1181 537 1214 emoti
554 1181 801 1223 procumbunt
821 1181 967 1214 cardine
986 1183 1116 1224 postes.

212 1233 273 1267 Fit
292 1234 351 1267 via
369 1234 406 1267 vi
427 1246 433 1267 :
461 1237 639 1277 rumpunt
659 1234 793 1277 aditus,
816 1233 1023 1277 primosque
1042 1233 1230 1266 trucidant

213 1286 370 1320 Immissi
389 1286 519 1329 Danai,
544 1289 581 1320 et
599 1287 672 1320 late
691 1287 769 1320 loca
788 1287 904 1320 milite
924 1286 1116 1329 complent.
1377 1281 1417 1302 ⁴⁹⁵

212 1338 251 1372 N
253 1351 299 1372 on
320 1339 381 1382 sic,
403 1340 591 1383 aggeribus
609 1340 727 1383 ruptis
747 1351 861 1384 quum
881 1351 1051 1383 spumeus
1069 1337 1187 1373 amnis

212 1392 326 1435 Exiit,
348 1393 603 1436 oppositasque
622 1393 730 1426 evicit
750 1393 891 1436 gurgite
911 1393 1035 1435 moles,

212 1445 346 1479 Fertur
363 1446 402 1478 in
420 1456 507 1479 arva
525 1445 648 1478 furens
669 1446 827 1489 cumulo,
850 1457 1067 1489 camposque
1086 1456 1150 1489 per
1168 1456 1294 1478 omnes

212 1497 304 1531 Cum
325 1498 475 1531 stabulis
494 1501 658 1531 armenta
676 1499 800 1532 trahit.
861 1497 950 1531 Vidi
968 1499 1044 1542 ipse
1062 1499 1245 1531 furentem

212 1550 319 1584 Caede
338 1551 633 1594 Neoptolemum,
655 1551 888 1595 geminosque
907 1551 945 1584 in
964 1551 1089 1584 limine
1107 1550 1257 1584 Atridas
1274 1562 1282 1591 ;
1375 1547 1418 1567 ⁵⁰⁰

213 1603 302 1637 Vidi
321 1603 524 1647 Hecubam,
546 1607 765 1648 centumque
784 1616 912 1646 nurus,
934 1603 1194 1647 Priamumque
1212 1615 1277 1648 per
1295 1614 1375 1637 aras

214 1656 395 1700 Sanguine
413 1657 614 1690 foedant-em
634 1668 724 1700 quos
742 1657 819 1701 ipse
838 1660 1039 1691 sacraverat
1057 1657 1168 1701 ignes.

214 1709 489 1753 Quinquaginta
506 1710 561 1743 illi
579 1710 742 1753 thalami,
765 1721 844 1754 spes
862 1711 970 1744 tant-a
988 1712 1177 1754 nepotum,

214 1761 408 1796 Barbarico
425 1765 546 1806 postes
565 1774 653 1796 auro
673 1763 868 1806 spoliisque
887 1763 1045 1806 superbi,

212 1814 443 1848 Procubuere
461 1827 468 1849 :
496 1818 624 1848 tenent
643 1815 773 1858 Danai,
796 1827 868 1860 qua
887 1815 1009 1849 deficit
1028 1815 1130 1859 iguis.
1378 1811 1419 1832 ⁵⁰⁵

267 1868 437 1901 Forsitan
457 1870 506 1911 et,
527 1868 665 1901 Priami
682 1868 818 1902 fuerint
837 1879 919 1911 quae
937 1868 1026 1911 fata,
1047 1867 1219 1912 requiras.

214 1919 326 1954 Urbis
344 1921 409 1954 ubi
428 1924 543 1964 captae
563 1932 697 1964 casum,
720 1921 966 1965 convulsaque
986 1921 1079 1955 vidit

213 1973 357 2007 Limina
375 1976 566 2017 tectorum,
591 1976 628 2007 et
646 1974 808 2007 medium
826 1973 862 2006 in
884 1974 1129 2017 penetralibus
1148 1973 1303 2017 hostem,

213 2026 326 2060 Arma
345 2026 408 2060 diu
428 2027 548 2060 senior
566 2026 717 2060 desueta
735 2027 976 2060 trementibus
995 2038 1074 2061 aevo

215 2079 424 2113 Circumdat
442 2079 685 2123 nequicquam
704 2079 874 2122 humeris,
898 2082 935 2113 et
953 2079 1084 2113 inutile
1103 2079 1243 2113 ferrum
1378 2075 1420 2096 ⁵¹⁰

213 2131 394 2176 Cingitur,
411 2143 452 2166 ac
472 2132 602 2166 densos
621 2133 739 2166 fertur
756 2133 954 2166 moriturus
973 2133 1011 2166 in
1030 2133 1162 2168 hostes.

212 2184 371 2218 AEdibus
389 2185 428 2218 in
442 2185 571 2218 mediis
589 2185 762 2229 nudoque
782 2185 850 2218 sub
868 2186 1013 2219 aetheris
1032 2197 1101 2219 axe

211 2236 346 2281 Ingens
365 2249 428 2272 ara
445 2238 530 2281 fuit,
547 2238 729 2282 juxtaque
747 2239 942 2272 veterrima
959 2239 1083 2273 laurus

212 2289 433 2325 Incumbens
450 2302 523 2325 arae
542 2295 653 2335 atque
671 2291 803 2325 umbra
821 2292 1009 2336 complexa
1026 2292 1194 2326 Penates.

213 2342 287 2380 Hic
305 2343 458 2381 Hecuba
476 2346 514 2381 et
532 2347 629 2381 natae
648 2344 890 2391 nequicquam
907 2345 1037 2380 altaria.
1055 2345 1202 2389 circum,
1378 2340 1419 2361 ⁵¹⁵

1371 225 1412 249 ⁴75

1373 489 1415 510 480

1373 753 1415 773 48⁶

1374 1017 1416 1037 49⁰
