1559 2584
91 67 104 104 1
127 67 169 104 10
566 79 752 106 erfflLn
779 79 935 107 AENEIS.

195 165 406 208 Nobiscum,
426 168 462 199 et
478 165 556 210 jam
576 178 674 200 nunc
692 166 870 200 sociorum
889 167 1084 202 assuescite
1103 166 1274 203 monsis.'’

198 219 289 252 Haec
308 219 372 252 ubi
391 219 499 262 dicta,
524 219 634 263 dapes
648 219 757 263 jubet
776 222 813 253 et
832 220 975 254 sublata
993 221 1119 264 reponi
1366 219 1406 244 ¹⁷⁵

197 272 342 314 Pocula,
366 272 623 316 gramineoque
638 273 734 306 viros
753 273 848 306 locat
867 273 942 317 ipse
963 274 1066 307 sedili
1085 287 1094 316 ;

196 325 499 369 Praecipuumque
518 328 598 359 toro
617 328 655 359 et
674 326 794 359 villosi
813 327 906 369 pelle
925 326 1039 361 leonis

196 378 340 422 Accipit
360 378 518 422 ABnean,
533 379 695 423 solioque
714 379 849 413 invitat
867 391 1006 414 acerno.

196 431 290 464 Tum
307 431 394 465 lecti
408 431 565 475 juvenes
584 433 750 466 certatim
769 444 913 477 araeque
932 433 1098 467 sacerdos

195 483 345 518 Viscera
361 487 459 519 tosta
476 485 600 519 ferunt
616 487 816 529 taurorum,
839 489 1066 530 onerantque
1084 486 1250 521 canistris
1368 483 1409 505 ¹⁸⁰

195 537 302 571 Dona
320 538 494 572 laboratae
514 538 664 582 Cereris,
688 539 944 583 Bacchumque
963 539 1184 575 ministrant.

196 590 368 624 Vescitur
388 591 538 634 AEueas‚
561 592 669 625 simul
688 595 725 625 et
745 592 900 636 Trojana
915 592 1106 637 juventus,

197 643 370 688 Perpetui
389 647 490 689 tergo
509 645 613 678 bovis
633 649 669 678 et
689 645 900 679 lustralibus
920 645 1023 680 extis.

248 697 451 742 Postquam
466 701 634 742 exempta
647 699 774 742 fames,
793 701 830 732 et
848 710 950 733 amor
968 710 1192 743 compressus
1207 699 1350 742 edendi,

195 751 277 784 Rex
296 751 490 785 Evandrus
509 752 560 785 ait
582 765 587 787 :
622 753 646 770 “
660 752 696 785 N
701 764 746 786 on
767 752 845 786 haec
865 752 1039 786 solemnia
1057 753 1176 797 nobis,

196 804 276 838 Has
294 816 341 838 ex
360 816 458 838 more
478 805 600 849 dapes,
622 805 716 839 hanc
734 806 832 839 tanti
850 806 1011 839 numinis
1030 817 1130 840 aram

197 857 304 891 Vana
322 859 532 902 superstitio
552 861 762 892 veterumve
782 859 908 902 ignara
926 859 1089 893 Deorum

196 910 397 955 Imposuit:
428 911 545 955 saeviS,
567 912 697 956 hospes
717 912 884 956 Trojane,
906 912 1048 956 periclis

196 963 339 998 Servati
356 964 520 1008 facimus,
542 965 762 1008 meritosque
781 976 959 999 novamus
978 965 1141 999 honores.

194 1017 283 1051 Jam
302 1018 459 1061 primum
478 1018 575 1051 saxis
594 1029 804 1061 suspensam
823 1018 917 1051 hanc
935 1018 1054 1062 aspice
1072 1030 1200 1062 rupem
1221 1029 1229 1053 :
1372 1015 1412 1036 ¹⁹⁰

195 1070 367 1114 Disjectae
385 1071 511 1114 procul
529 1074 572 1104 ut
591 1071 717 1113 moles,
734 1071 948 1114 desertaque
967 1071 1102 1105 montis

197 1123 279 1157 Stat
298 1124 440 1167 domus,
463 1126 500 1157 et
519 1124 657 1168 scopuli
676 1124 862 1167 ingentem
880 1125 1023 1158 traxere
1042 1125 1196 1159 ruinam.

196 1177 270 1210 Hic
289 1177 462 1221 spelunca
479 1177 563 1220 fuit,
585 1180 689 1211 vasto
708 1178 878 1211 submota
896 1189 1050 1221 recessu,

198 1230 454 1264 Semihominis
474 1231 558 1264 Caci
576 1231 687 1265 facies
707 1242 816 1275 quam
837 1231 916 1265 dira
934 1232 1097 1274 tenebat,

199 1283 291 1317 Solis
310 1284 528 1318 inaccessam
547 1284 658 1318 radiis
678 1297 686 1326 ;
715 1296 928 1328 semperque
948 1285 1086 1318 recenti
1374 1281 1414 1303 ¹⁹⁵

198 1337 304 1371 Caede
323 1337 471 1381 tepebat
485 1338 620 1371 humus
638 1351 645 1378 3
673 1338 884 1381 foribusque
903 1338 1011 1371 affixa
1030 1337 1193 1382 superbis

198 1391 270 1425 Ora
288 1391 409 1424 virum
428 1391 526 1425 tristi
543 1391 753 1435 pendebant
771 1391 906 1435 pellida
923 1392 1018 1425 tabo.

198 1444 297 1477 Huic
316 1447 479 1478 monstro
498 1444 688 1478 Vulcanus
707 1447 784 1478 erat
802 1447 907 1488 pater
925 1457 931 1478 z
960 1445 1058 1478 illius
1077 1447 1175 1478 atros

199 1497 270 1531 Ore
284 1509 434 1531 vomens
454 1498 567 1542 ignes,
590 1500 722 1542 magna
740 1509 777 1531 se
796 1498 890 1531 mole
911 1497 1063 1532 ferebat.

198 1551 338 1584 Attulit
357 1553 394 1584 et
413 1551 517 1584 nobis
533 1551 730 1595 aliquando
750 1551 962 1594 optantibus
981 1554 1071 1584 aetas
1373 1548 1415 1568 ²⁰⁰

199 1604 390 1637 Auxilium
409 1604 683 1648 adventumque
703 1604 772 1637 Dei
793 1617 799 1638 :
828 1616 914 1638 nam
934 1604 1114 1637 maximus
1133 1604 1231 1637 ultor

198 1657 403 1701 Tergemini
420 1669 508 1691 nece
527 1657 706 1701 Geryonis
725 1657 921 1701 spoliisque
943 1657 1133 1701 superbus,

199 1711 346 1744 Alcides
365 1711 504 1754 aderat,
526 1714 722 1754 taurosque
742 1711 809 1744 hac
828 1710 944 1744 victor
963 1710 1092 1754 agebat

199 1764 373 1808 Ingentes
394 1777 399 1798 :
429 1765 634 1808 vallemque
654 1765 764 1797 boves
783 1775 1000 1807 amnemque
1020 1763 1206 1797 tenebant.

199 1818 252 1851 At
271 1817 375 1851 furiis
395 1817 479 1851 Caci
497 1829 599 1851 mens
619 1818 736 1860 effera,
760 1829 807 1850 ne
827 1817 916 1861 quid
934 1817 1105 1850 inausum

199 1871 278 1905 Aut
296 1871 525 1905 intentatum
545 1871 734 1905 scelerisve
754 1870 875 1904 dolive
894 1870 1036 1913 fuisset,

200 1924 366 1965 Quatuor
384 1936 405 1958 a
424 1925 576 1958 stabulis
594 1924 785 1968 praestanti
804 1935 951 1967 corpore
969 1926 1094 1957 tauros

198 1977 359 2021 Avertit,
382 1978 538 2012 totidem
557 1978 675 2011 forma
695 1980 887 2021 superante
902 1977 1079 2021 juvencas
1099 1989 1105 2010 z

199 2031 324 2075 Atque
342 2031 420 2075 hos,
438 2043 484 2065 ne
504 2043 576 2076 qua
595 2031 716 2064 forent
734 2030 888 2074 pedibus
908 2030 1060 2073 vestigia
1078 2028 1195 2072 rectis,

199 2084 325 2118 Gauda.
344 2085 382 2118 in
402 2085 612 2129 speluncam
632 2087 780 2127 tractos,
802 2083 971 2127 versique
991 2083 1144 2116 viarum'

199 2137 350 2171 Iudiciis
369 2141 504 2182 raptos,
527 2149 615 2172 saxo
634 2137 841 2172 occultabat
860 2147 980 2181 opaco.

201 2190 435 2232 Quaerentem
454 2191 557 2225 nulla
575 2190 622 2225 ad
642 2191 850 2234 speluncam
870 2190 973 2234 signa
991 2188 1166 2223 ferebant.

202 2244 348 2278 Interea
366 2256 480 2289 quum
495 2245 573 2289 jam
594 2244 746 2278 stabulis
765 2246 930 2278 saturata
947 2244 1110 2276 moveret

200 2297 549 2342 Amphitryoniades
569 2300 745 2339 armenta,
767 2297 981 2340 abitumque
1000 2296 1156 2339 pararet,

200 2350 370 2385 Discessu
389 2351 527 2395 mugire
547 2351 670 2394 boves,
693 2353 804 2393 atque
819 2361 925 2383 omne
946 2347 1102 2392 querelis

1371 750 1408 769 185

1375 1813 1416 1833 205

1375 2078 1418 2099 210
