1559 2584
117 67 170 105 48

589 74 776 105 VIRGILII
804 74 957 104 AENEIS.

221 162 312 198 AEre
331 173 419 198 cavo
437 162 616 208 clypeum,
638 162 762 207 magni
779 165 967 207 gestamen
985 160 1153 206 Abantis,

219 216 394 250 Postibus
412 216 572 250 adversis
591 216 674 260 figo,
696 218 734 249 et
752 227 829 249 rem
848 216 1006 249 carmine
1024 216 1127 260 signo
1147 228 1154 250 :

219 270 359 304 AEueas
377 268 448 302 hwc
466 268 507 303 de
525 269 670 303 Danais
687 269 874 302 victoribus
892 279 1007 303 arma.

220 321 402 366 Linquere
421 325 503 356 tum
521 325 650 366 portus
664 321 790 365 jubeo,
812 324 849 355 et
869 321 1053 366 considere
1072 321 1250 355 transtris.

219 374 396 409 Certatim
414 375 501 409 socii
517 375 656 408 feriunt
675 386 772 408 mare
791 377 829 408 et
848 385 995 418 aequora
1012 377 1174 408 verrunt.

219 426 394 462 Protinus
413 428 528 462 aerias
549 428 743 461 Phaeacum
761 427 1016 461 abscondimus
1033 438 1144 470 arces,

218 481 434 525 Littoraque
453 480 555 525 Epiri
572 481 737 524 legimus,
758 482 941 524 portuque
960 480 1125 514 subimus

220 534 394 577 Chaonio,
416 537 453 568 et
473 534 604 568 celsam
623 533 800 567 Buthroti
819 533 1048 567 ascendimus
1066 533 1204 566 urbem.

272 587 347 621 Hic
364 587 587 621 incredibilis
605 597 726 620 rerum
745 587 842 622 fama
860 588 1012 630 occupat
1031 597 1149 628 aures,

218 639 429 675 Priamiden
448 640 634 674 Helenum
655 639 782 673 Graias
800 651 949 683 regnare
967 651 1031 683 per
1049 639 1168 682 nrbes,

217 693 396 738 Conjugio
416 693 580 727 AEacidae
595 693 729 737 Pyrrhi
747 693 968 737 sceptrisque
986 692 1147 736 potitum
1165 704 1172 732 ;

217 746 267 781 Et
285 747 403 791 patrio
422 746 703 780 Andromachen
721 746 856 779 iterum
876 745 1019 779 cessisse
1038 745 1178 778 marito.
1196 776 1198 778 ,

218 800 401 844 Obstupui
421 813 429 841 ;
457 801 622 844 miroque
641 799 830 833 incensum
849 802 976 843 pectus
995 810 1128 841 amore,

217 852 439 897 Compellare
459 852 590 896 virum,
613 855 650 886 et
669 864 771 886 casus
790 863 1001 896 cognoscere
1021 853 1153 885 tantos.

216 905 433 950 Progredior
451 908 571 950 portu,
594 906 723 939 classes
743 908 780 939 et
799 905 925 939 littora
943 905 1122 948 linquens

216 959 403 993 Solemnes
421 961 502 992 tuin
520 959 614 992 forte
633 959 743 1002 dapes
763 961 799 992 et
818 958 938 991 tristia
957 958 1053 991 dona

214 1013 314 1046 Ante
333 1013 474 1055 urbem,
496 1011 535 1045 iu
554 1012 648 1055 luco,
671 1011 754 1045 falsi
773 1011 967 1045 Simoentis
987 1010 1033 1044 ad
1052 1010 1201 1053 undam,

215 1065 371 1099 Libabat
391 1065 503 1099 cineri
521 1064 788 1107 Andromache,
812 1064 1014 1107 Manesque
1033 1064 1186 1097 vocabat

214 1117 441 1152 Hectoreum
460 1118 507 1152 ad
525 1117 714 1151 tumulum
734 1131 742 1159 ;
770 1117 879 1151 viridi
898 1128 1008 1161 quem
1028 1116 1162 1160 cespite
1182 1116 1342 1158 inanem,

213 1171 264 1205 Et
281 1172 454 1215 geminas,
477 1183 623 1205 causam
641 1171 822 1214 lacrymis,
844 1172 1047 1204 sacraverat
1066 1181 1154 1203 aras

215 1224 270 1258 Ut
288 1236 346 1259 me
366 1225 555 1269 conspexit
575 1224 796 1267 venientem,
820 1226 857 1257 et
877 1224 983 1257 Troia
1003 1223 1137 1257 circum

216 1278 328 1312 Arma
347 1290 471 1312 amens
490 1278 596 1321 vidit,
619 1277 760 1321 magnis
779 1277 954 1310 exterrita
972 1276 1156 1319 monstris,

213 1330 376 1375 Diriguit
394 1332 475 1365 visu
494 1331 532 1364 in
553 1331 673 1364 medio
692 1344 699 1372 ;
728 1331 824 1364 calor
843 1341 922 1364 ossa
940 1329 1089 1373 reliquit
1107 1342 1114 1371 ;

212 1384 369 1418 Labitur
386 1397 394 1426 3
424 1387 461 1418 et
479 1384 588 1428 longo
608 1384 670 1418 vix
689 1383 840 1417 tandem
859 1386 1021 1427 tempore
1041 1382 1140 1416 fatur
1158 1394 1165 1416 :

217 1438 243 1455 “
256 1437 400 1472 Verane
418 1440 456 1472 te
475 1438 596 1480 facies,
618 1449 726 1471 verus
740 1436 832 1470 mihi
849 1436 1004 1471 nuntius
1023 1437 1140 1478 affers,

213 1490 314 1524 Nate
333 1491 413 1525 Dea
428 1491 440 1525 2
468 1491 608 1524 vivisne
625 1490 636 1524 2
663 1493 741 1533 aut,
763 1490 794 1523 si
812 1490 878 1523 lux
896 1490 992 1523 alma
1010 1489 1168 1531 recessit,

213 1543 354 1578 Hector
371 1544 435 1577 ubi
454 1546 510 1577 est
524 1543 566 1577 2⁷³
623 1543 740 1586 Dixit,
763 1543 1012 1587 lacrymasque
1032 1542 1174 1584 effudit,
1197 1543 1233 1574 et
1252 1552 1398 1575 omnem

211 1596 386 1641 Implevit
404 1597 559 1631 clamore
577 1596 706 1630 locum.
767 1596 843 1629 Vix
861 1607 976 1640 pauca
993 1594 1132 1629 furenti

212 1644 386 1694 Subjicio,
409 1653 447 1684 et
465 1650 554 1684 raris
573 1650 743 1684 turbatus
762 1649 912 1683 vocibus
931 1649 1030 1682 hisco
1049 1661 1056 1683 :

215 1705 241 1722 “
254 1703 351 1738 Vivo
371 1703 553 1748 equidem,
575 1703 763 1747 vitamque
783 1705 947 1736 extrema
965 1714 1030 1746 per
1049 1701 1171 1735 omnia
1190 1701 1284 1735 duco
1302 1714 1309 1736 :

212 1757 271 1790 Ne
291 1757 432 1801 dubita,
454 1769 540 1790 nam
558 1768 645 1790 vera
663 1757 772 1790 vides.

211 1810 298 1844 Heu
318 1810 399 1855 quis
418 1813 455 1844 te
475 1821 577 1844 casus
597 1810 777 1853 dejectam
797 1808 952 1853 conjuge
971 1810 1076 1842 tanto

211 1863 384 1908 Excipit?
412 1866 477 1897 aut
497 1875 580 1908 quoe
600 1863 710 1907 digna
731 1862 818 1896 satis
838 1862 987 1895 fortuna
1005 1861 1132 1895 revisit
1146 1861 1158 1894 ’.ἲ

209 1917 380 1951 Hectoris
397 1916 666 1959 Andromache,
689 1915 858 1959 Pyrrhin’
879 1915 1060 1948 connubia
1078 1925 1199 1948 servas
1216 1913 1264 1948 '3⁷'

210 1970 352 2014 chccit
371 1971 529 2013 vultum,
552 1972 589 2003 ct
609 1969 766 2003 demissa
786 1979 871 2002 vocc
890 1968 1013 2002 locuta
1032 1971 1087 2001 est
1108 1980 1115 2002 :

214 2025 239 2042 “
255 2024 285 2058 O
305 2023 395 2057 felix
415 2035 488 2057 una
508 2025 593 2057 ante
613 2023 701 2057 alias
722 2022 901 2055 Priameia
920 2021 1033 2065 virgo,

208 2076 395 2110 Hostilem
414 2077 461 2110 ad
482 2076 666 2110 tumulum
685 2075 803 2119 Trojae
823 2075 890 2108 sub
910 2074 1093 2108 moenibus
1112 2073 1206 2117 altis,

209 2129 236 2163 J
239 2141 322 2164 ussa
341 2130 432 2163 mori
452 2143 460 2172 ;
490 2141 572 2173 quae
592 2129 744 2163 sortitus
764 2140 837 2161 non
857 2128 1010 2172 pertulit
1028 2127 1135 2170 ullos,

207 2182 246 2216 N
248 2194 288 2216 cc
305 2183 454 2217 victoris
468 2183 547 2216 heri
565 2182 687 2226 tetigit
701 2183 845 2226 captiva
858 2181 976 2215 cubile
993 2182 1000 2214 Σ

207 2235 298 2279 Nos,
321 2236 441 2280 patri-lt
460 2236 620 2279 incensa,
642 2235 787 2269 diversa
805 2246 868 2279 per
887 2245 1035 2278 zequora
1053 2235 1180 2276 vecta),

209 2288 341 2333 Stirpis
360 2289 535 2322 Achilleae
555 2289 670 2322 fastus
685 2288 935 2333 juvenemque
955 2286 1152 2330 superbum

207 2341 363 2376 servitio
383 2342 500 2376 enixae
520 2342 674 2375 tulimus
695 2355 700 2375 :
731 2341 794 2385 qui
813 2339 945 2374 deinde
964 2342 1111 2374 secutus

1387 370 1431 392 *290

1347 624 1353 632 “’
1386 635 1429 655 295

1383 1166 1425 1186 305

1383 1431 1427 1452 :310

1382 1698 1423 1718 315

1384 1966 1426 1987 321)

1384 2231 1426 2254 823
