1559 2584
148 96 198 132 50

572 105 644 131 VIR
651 104 759 130 GILII
791 102 1012 130 GEORGIGA
1019 121 1026 129 .

305 191 377 225 Seu
396 191 489 235 quis,
511 190 732 234 Olympiacae
751 190 906 223 miratus
924 189 1073 233 praemia
1086 189 1230 233 palmae,

251 245 374 278 Pascit
392 256 504 288 equos
524 257 532 285 3
560 255 624 277 seu
643 243 724 287 quis
742 243 855 276 fortes
874 242 921 276 ad
939 245 1060 276 aratra
1073 242 1250 286 juvencos
1270 255 1278 284 ;

251 297 410 341 Corpora
428 297 607 341 praecipue
626 298 787 329 matrum
805 296 911 339 legat.
972 295 1120 338 Optima
1137 298 1253 329 torvae

252 351 386 384 Forma
403 350 518 392 bovis,
541 349 600 382 cui
617 352 724 392 turpe
744 351 865 392 caput,
889 348 947 382 cui
964 348 1122 392 plurima
1141 349 1274 393 cervix,

252 403 302 437 Et
321 415 469 437 crurum
486 405 595 435 tenus
613 414 634 435 a
652 404 777 435 mento
795 402 952 445 palearia
969 401 1141 445 pendent.

253 456 348 490 Tum
365 456 474 499 longo
492 455 617 489 nullus
635 455 741 489 lateri
759 455 889 488 modus
907 467 914 489 :
943 455 1064 488 omnia
1082 466 1214 498 magna
1229 467 1239 496 ;

253 509 326 543 Pes
344 509 466 549 etiam,
489 511 526 542 et
545 508 700 542 camuris
717 507 825 541 hirtae
844 507 911 541 sub
930 507 1098 541 cornibus
1116 519 1229 542 aures.

254 562 335 596 Nec
353 562 444 596 mihi
462 561 650 605 displiceat
668 561 820 595 maculis
838 560 990 604 insignis
1008 563 1045 593 et
1063 560 1157 603 albo,

254 616 334 650 Aut
348 615 440 659 juga
457 614 676 657 detrectans,
697 614 955 658 interdumque
975 625 1100 658 aspera
1118 625 1243 657 cornu,

255 669 305 703 Et
323 668 453 702 faciem
471 670 578 701 tauro
596 667 742 711 propior
758 680 766 709 3
796 679 952 711 quaeque
971 667 1086 700 ardua
1103 669 1196 710 tota,

254 721 305 756 Et
323 721 491 765 gradiens
509 721 584 754 ima
601 721 714 754 verrit
731 721 884 764 vestigia
903 720 1029 754 cauda.

310 774 418 808 AEtas
436 774 613 808 Lucinam
626 774 820 818 justosque
838 774 916 818 pati
934 773 1157 817 Hymenaeos

255 827 401 862 Desinit
420 830 505 861 ante
523 828 661 870 decem,
683 830 766 871 post
785 829 942 871 quatuor
960 827 1088 870 incipit
1106 838 1221 860 annos
1237 838 1246 862 z

257 881 386 915 Cetera
403 892 470 914 nec
488 880 633 914 foeturae
652 880 795 923 habilis,
816 892 883 914 nec
901 880 1005 913 fortis
1023 880 1160 914 aratris.

256 934 415 977 Interea,
438 937 584 977 superat
603 934 771 977 gregibus
790 933 879 967 dum
897 933 982 966 laeta
996 934 1185 977 juventus⁹

257 987 364 1021 Solve
382 998 500 1021 mares
519 1000 527 1028 ;
555 987 662 1020 mitte
681 987 720 1020 in
739 986 921 1020 Venerem
939 986 1106 1030 pecuaria
1125 987 1275 1030 primus,

257 1042 381 1084 Atque
401 1040 509 1074 aliam
528 1051 574 1073 ex
593 1040 665 1073 alia
684 1040 889 1083 generando
908 1040 1029 1072 suffice
1047 1040 1195 1083 prolem.

258 1093 406 1137 Optima
425 1105 580 1137 quaeque
600 1093 676 1126 dies
694 1093 833 1126 miseris
851 1093 1066 1126 mortalibus
1086 1092 1155 1125 aevi

257 1146 383 1180 Prima
400 1146 496 1190 fugit
516 1160 523 1187 3
552 1146 711 1179 subeunt
730 1146 858 1189 morbi,
879 1146 1068 1189 tristisque
1088 1148 1255 1179 senectus
1274 1158 1284 1188 ς

257 1199 307 1233 Et
326 1200 439 1242 labor,
461 1201 499 1232 et
517 1199 618 1233 durae
636 1199 733 1243 rapit
751 1199 983 1232 inclementia
1000 1198 1137 1232 mortis

259 1252 408 1296 Semper
426 1255 547 1295 erunt,
570 1263 725 1296 quarum
744 1252 880 1285 mutari
899 1263 1046 1295 corpora
1065 1251 1168 1285 malis
1190 1265 1197 1293 3

259 1305 407 1350 Semper
425 1306 522 1339 enim
540 1306 645 1339 refice
666 1318 673 1347 3
702 1317 754 1348 ac,
777 1317 823 1339 ne
842 1307 924 1349 post
943 1305 1075 1338 amissa
1092 1305 1267 1349 requiras,

258 1359 443 1392 Anteveni
459 1372 468 1400 ;
497 1361 534 1392 et
554 1359 714 1392 sobolem
732 1361 897 1392 armento
917 1358 1045 1391 sortire
1066 1359 1270 1402 quotannis.

312 1411 468 1446 Necnon
487 1414 524 1445 et
542 1412 662 1455 pecori
680 1415 734 1445 est
753 1412 851 1445 idem
870 1412 1033 1445 delectus
1053 1412 1195 1455 equino.

259 1465 315 1498 Tu
333 1465 454 1508 modo,
477 1477 568 1509 quos
587 1465 626 1498 in
645 1477 746 1508 spem
765 1468 904 1498 statues
923 1465 1136 1498 submittere
1156 1465 1285 1509 gentis,

261 1517 495 1562 Praecipuum
510 1519 588 1562 jam
607 1518 692 1551 inde
712 1530 733 1551 a
753 1518 887 1551 teneris
906 1518 1075 1562 impende
1094 1518 1262 1552 laborem.

260 1571 444 1605 Continuo
462 1571 601 1615 pecoris
619 1571 783 1615 generosi
802 1571 924 1615 pullus
943 1571 981 1604 in
1001 1571 1096 1605 arvis

260 1625 385 1658 Altius
403 1625 620 1668 ingreditur,
643 1627 680 1658 et
699 1625 822 1658 mollia
841 1636 946 1658 crura
964 1625 1106 1668 reponit
1128 1637 1134 1658 :

260 1677 406 1711 Primus
424 1681 461 1711 et
480 1678 531 1711 ire
551 1678 659 1721 viam,
682 1680 719 1711 et
738 1678 869 1711 fluvios
887 1680 1030 1711 tentare
1049 1678 1208 1711 minaces

260 1731 399 1774 Audet,
422 1733 458 1764 et
477 1731 602 1775 ignoto
622 1743 697 1764 sese
718 1731 943 1764 committere
962 1731 1068 1775 ponti
1088 1744 1095 1772 ;

260 1783 299 1818 Ν
302 1795 341 1818 60
360 1796 473 1818 vanos
491 1784 613 1818 horret
633 1785 813 1828 strepitus.
874 1784 936 1818 Illi
954 1785 1068 1818 ardua
1087 1785 1222 1827 cervix,

259 1838 518 1882 Argutumque
538 1840 659 1881 caput,
681 1838 801 1872 brevis
819 1837 935 1881 alvus,
958 1838 1137 1882 obesaque
1156 1841 1258 1881 terga
1278 1850 1286 1879 ;

261 1889 513 1934 Luxuriatque
532 1891 621 1924 toris
640 1891 844 1925 animosum
862 1893 988 1935 pectus
1006 1904 1014 1932 ;
1042 1891 1187 1924 honesti

261 1943 443 1987 Spadices,
465 1944 656 1988 glaucique
675 1958 682 1986 3
711 1945 808 1978 color
826 1944 1043 1978 deterrimus
1061 1944 1165 1987 albis,

261 1996 311 2029 Et
329 1997 426 2040 gilvo
445 2010 451 2031 :
480 2000 572 2040 tum,
596 1998 625 2031 si
645 2009 717 2041 qua
736 2009 865 2031 sonum
884 1998 1009 2041 procul
1028 2009 1128 2031 arma
1147 1997 1290 2041 dedere,

262 2050 365 2083 Stare
383 2050 462 2084 loco
481 2051 608 2093 nescit,
630 2051 740 2085 micat
759 2051 919 2094 auribus,
941 2053 978 2084 et
997 2051 1122 2084 tremit
1141 2054 1252 2093 artus,

262 2102 537 2148 Collectumque
557 2104 715 2138 fremens
735 2104 849 2138 volvit
869 2104 936 2137 sub
955 2105 1104 2138 naribus
1122 2104 1244 2148 ignem
1263 2115 1271 2138 :

260 2155 384 2190 Densa
399 2157 502 2200 juba,
525 2159 562 2190 et
581 2157 710 2191 dextro
725 2158 865 2202 jactata
883 2158 1061 2191 recumbit
1079 2157 1118 2190 in
1137 2167 1246 2191 armo.

260 2208 313 2242 At
332 2209 469 2253 duplex
488 2210 608 2254 agitur
626 2222 690 2254 per
707 2211 851 2244 lumbos
870 2211 973 2255 spina
990 2224 998 2252 ;
1028 2213 1204 2253 cavatque

261 2261 455 2306 Tellurem,
479 2266 515 2296 et
535 2263 651 2297 solido
670 2265 828 2307 graviter
847 2266 951 2297 sonat
970 2264 1107 2307 ungula
1127 2274 1250 2297 cornu.

260 2314 356 2348 Talis
375 2316 553 2360 Amyclaei
572 2316 733 2350 domitus
753 2317 912 2351 Pollucis
931 2317 1081 2350 habenis

261 2367 440 2413 Cyllarus,
462 2371 511 2412 et,
534 2381 689 2413 quorum
711 2371 811 2404 Graii
829 2370 1024 2404 meminere
1044 2373 1175 2414 poetae,

1442 505 1468 526 55

1443 1036 1471 1057 6³

1450 1303 1476 1326 70

1450 1569 1477 1593 15

1453 1836 1481 1855 80
