1528 2569
613 113 747 141 mnan
776 112 835 140 rx.
1311 106 1389 142 lm»

182 202 308 245 Atque
326 201 383 235 his
401 201 592 235 ardentem
611 201 718 235 dictis
737 202 866 235 affatui
889 201 1015 235 Iulum
1032 212 1040 236 :

186 256 211 272 “
225 254 281 288 Sit
299 254 399 297 satis,
422 254 602 296 AEneada,
625 255 707 288 telis
725 255 875 298 impune
896 254 1111 288 Numanum

183 306 386 351 Oppetiisse
404 307 480 340 tuis
497 320 505 348 ;
533 307 688 351 primam
706 307 800 340 hanc
817 307 888 341 tibi
906 318 1058 351 magnus
1076 307 1210 351 Apollo

184 359 359 393 Concedit
377 359 534 403 laudem,
559 362 595 393 et
614 360 761 403 paribus
779 371 854 393 non
873 359 1014 393 invidet
1033 361 1142 394 armis
1159 373 1167 396 ε
1352 359 1392 378 ⁶⁵⁵

185 412 313 446 Cetera
331 424 448 456 parce,
470 424 572 456 puer,
595 412 699 446 bello.
707 412 726 428 ''
783 412 840 446 Sic
858 424 960 446 orsus
980 413 1112 457 Apollo

184 465 362 498 hlortales
379 465 499 499 medio
518 468 684 509 aspectus
703 476 867 499 sermone
885 465 1046 509 reliquit,

184 518 233 551 Et
252 518 378 562 procul
395 518 434 551 in
452 521 601 552 tenuem
621 529 665 551 ex
685 518 798 552 oculis
816 518 966 552 evanuit
985 529 1122 554 auram.

185 571 376 614 Agnovere
395 571 515 605 Deum
534 582 697 615 proceres
717 571 914 614 divinaque
933 571 1008 605 tela

185 624 419 666 Dardanidae,
442 624 722 668 pharetramque
742 624 829 667 fuga
849 624 990 657 sensere.
1010 627 1211 660 sonantem.
1353 623 1394 641 ‘m'

186 677 281 720 Ergo
301 677 450 711 avidum
469 688 602 720 pugnae
621 676 728 710 dictis
747 688 788 709 ac
807 677 957 709 numine
978 677 1110 710 Phoebi

186 729 384 763 Ascanium
403 729 596 773 prohibent
614 742 620 762 :
650 729 719 772 ipsi
737 729 775 762 in
795 729 993 762 certamina
1010 741 1136 762 rursus

187 781 406 825 Succedunt,
429 782 639 825 animasque
658 782 697 814 in
716 784 840 825 aperta
859 782 1018 825 pericula
1037 783 1202 817 mittunt.

188 834 226 868 It
246 835 381 868 clamor
398 835 488 868 totis
507 845 571 878 per
589 834 859 878 propugnacula
877 835 990 868 muris
1008 847 1015 869 ε

188 887 396 921 Intendunt
413 898 510 921 acres
529 899 644 930 arcus,
667 889 885 931 amentaque
904 890 1089 931 torquent.
1356 886 1395 905 ‘⁵⁶⁵

188 940 374 974 Sternitur
392 952 499 974 omne
519 941 636 974 solum
654 940 738 973 telis
755 953 764 981 ;
791 942 872 973 tum
892 943 995 973 scuta
1015 952 1186 985 cavaeque

187 994 290 1028 Dant
308 994 470 1028 sonitum
488 993 590 1027 flictu
608 993 720 1037 galeae
738 1006 746 1034 ;
774 1004 896 1037 pugna
915 1005 1040 1037 aspera
1059 994 1173 1037 surgit
1192 1007 1199 1030 :

190 1047 360 1088 Quantus
379 1047 424 1080 ab
445 1058 571 1080 occasu
590 1046 740 1080 veniens
759 1046 982 1089 pluvialibus
1000 1046 1130 1080 Haedis

188 1099 368 1133 Verberat
386 1100 502 1133 imber
519 1099 674 1132 humum
691 1112 700 1139 ;
730 1110 841 1142 quam
859 1099 978 1132 multa
995 1100 1171 1143 grandine
1191 1100 1305 1134 nimii

189 1152 235 1186 In
254 1153 348 1187 vada
365 1152 608 1196 praecipitant,
632 1163 746 1196 quum
765 1151 914 1195 Jupiter
933 1152 1100 1185 horridus
1119 1153 1264 1186 Austris
1357 1152 1396 1173 “7⁰

188 1205 349 1249 Torquet
367 1217 540 1249 aquosam
559 1205 726 1247 hiemem,
750 1206 788 1237 et
807 1205 898 1238 eoelo
918 1216 1004 1238 cava
1022 1205 1149 1239 nubila
1166 1207 1314 1250 rumpit.

243 1258 435 1292 Pandarus
455 1261 491 1291 et
511 1257 639 1301 Bitias,
663 1257 763 1291 Idaeo
782 1257 960 1291 Alcanore
981 1258 1079 1301 creti,

192 1311 307 1356 (Quos
326 1311 352 1344 J
354 1311 431 1347 ovis
451 1311 580 1344 eduxit
598 1311 680 1344 luco
699 1311 886 1354 sylvestris
905 1310 1009 1353 Iaera,

191 1364 385 1398 Abietibus
400 1364 556 1408 juvenes
574 1363 700 1407 patriis
719 1366 755 1396 et
774 1363 961 1396 montibus
979 1365 1127 1408 aequos),

191 1417 353 1459 Portam,
376 1429 458 1460 quae
478 1417 580 1450 ducis
598 1416 748 1460 imperio
769 1416 968 1459 commissa,
991 1417 1186 1450 recludunt
1359 1416 1396 1437 ⁶7⁵

190 1470 294 1504 Freti
313 1471 432 1512 armis,
455 1470 625 1513 ultroque
643 1469 804 1502 invitant
823 1469 1005 1502 moenibus
1024 1470 1174 1504 hostem.

192 1523 268 1566 Ipsi
286 1523 399 1566 intus,
421 1522 552 1556 dextra
571 1533 612 1555 ac
631 1522 734 1564 laeva,
758 1533 822 1565 pro
841 1522 1003 1556 turribus
1022 1525 1157 1566 astant,

192 1575 336 1609 Armati
353 1575 460 1618 ferro,
483 1578 520 1609 et
540 1575 657 1609 cristis
676 1575 794 1618 capita
813 1575 888 1608 alta
907 1575 1044 1609 corusci
1061 1588 1068 1610 :

194 1628 326 1669 Quales
345 1629 450 1662 aeriae
470 1628 649 1672 liquentia
667 1628 818 1661 flumina
837 1627 984 1670 circum,

194 1681 278 1715 Sive
298 1680 391 1715 Padi
409 1681 508 1725 ripis,
531 1681 688 1714 Athesin
707 1692 771 1714 seu
790 1684 936 1724 propter
955 1692 1154 1724 amoenum,
1360 1681 1402 1699 “⁸‘'

194 1734 426 1778 Consurgunt
445 1734 598 1778 geminae
619 1745 784 1777 quercus,
806 1733 1024 1777 intonsaque
1043 1735 1134 1768 coelo

193 1787 385 1820 Attollunt
404 1787 533 1830 capita,
557 1789 593 1820 et
613 1786 760 1819 sublimi
778 1786 912 1819 vertice
932 1789 1076 1820 nutant.

195 1839 424 1883 Irrumpunt,
447 1839 569 1872 aditus
588 1839 721 1872 Rutuli
740 1842 783 1872 ut
801 1839 923 1872 videre
943 1841 1119 1882 patentes

195 1892 378 1926 Continuo
398 1892 591 1933 Quercens,
615 1894 651 1925 et
670 1891 820 1935 pulcher
839 1892 1040 1935 Aquicolus
1058 1892 1181 1934 armi8‚

198 1946 244 1979 Et
263 1957 420 1989 praeceps
439 1945 551 1979 animi
569 1944 731 1987 Tmarus,
756 1947 793 1978 et
813 1944 1020 1978 Mavortius
1040 1945 1209 1989 Haemon,
1363 1945 1404 1964 ⁶⁸⁵

198 1999 415 2042 Agminibus
434 1998 522 2032 totis
541 2000 606 2031 aut
624 1997 719 2030 versi
736 2000 839 2040 terga
858 1997 1002 2040 dedere,

196 2053 275 2085 Aut
293 2052 371 2096 ipso
390 2054 505 2095 portae
525 2051 675 2094 posuere
693 2049 731 2083 in
752 2050 876 2084 limine
895 2050 1020 2085 vitam.

197 2104 290 2138 Tum
309 2105 423 2148 magis
441 2104 650 2138 increscunt
668 2102 798 2136 animis
817 2103 1044 2137 discordibus
1062 2103 1126 2138 irae
1142 2117 1151 2146 ς

197 2157 246 2191 Et
261 2157 340 2201 jam
360 2157 502 2191 collecti
521 2157 630 2190 Troes
648 2156 897 2200 glomerantur
915 2156 1053 2200 eodem,

198 2210 246 2243 Et
266 2210 427 2243 conferre
446 2221 608 2251 manum,
632 2212 668 2242 et
688 2220 895 2253 procurrere
914 2209 1058 2253 longius
1077 2209 1225 2246 audent.
1365 2207 1406 2228 ⁶⁹⁰

251 2263 405 2296 Ductori
423 2263 556 2305 Turno,
581 2262 725 2295 diversa
744 2262 780 2295 iu
801 2265 904 2306 parte
923 2262 1072 2306 furenti,

199 2315 449 2359 Turbantique
469 2315 576 2358 viros,
599 2315 780 2359 perfertur
800 2315 965 2359 nuntius,
986 2315 1130 2350 hostem

202 2368 355 2402 Fervere
375 2368 471 2401 caede
491 2370 600 2411 nova,
623 2371 659 2401 et
678 2371 800 2412 portas
822 2369 979 2411 praebere
999 2372 1174 2412 patentes.

1225 2429 1237 2452 ι
