1559 2584
129 64 208 101 122

614 75 801 104 VIRGILH
832 75 986 105 AENEIS.

230 165 400 208 Munera,
420 165 591 209 reliquias
609 166 719 210 Troja
738 178 782 200 ex
801 165 952 201 ardente
970 168 1142 212 receptas,

233 217 316 253 Hoc
333 220 438 262 pater
451 219 628 252 Anchises
647 230 735 253 auro
754 219 893 254 libabat
912 220 958 254 ad
977 231 1056 254 aras
1076 234 1083 258 ;

233 270 315 304 Hoc
330 271 467 304 Priami
486 274 673 314 gestamen
692 275 781 315 erat,
805 284 918 316 quum
933 272 1020 317 jura
1038 273 1176 307 vocatis

233 323 337 357 More
358 324 460 357 daret
474 325 617 368 populis
638 338 645 367 3
674 327 942 370 sceptrumque,
965 337 1134 371 sacerque
1157 327 1275 366 tiaras,

233 376 465 420 Iliadumque
484 377 595 420 labor,
619 380 746 412 vestes.
756 377 775 394 ’'

287 429 435 463 Talibus
455 430 585 463 Ilionei
600 431 707 464 dictis
726 431 845 465 defixa
859 431 1012 466 Latinus

234 481 379 515 Obtutu
397 485 499 516 tenet
518 494 591 527 ora,
613 484 761 528 soloque
779 485 974 518 immobilis
992 485 1119 529 haeret,

233 535 403 569 Intentos
422 536 572 569 volvens
591 537 713 570 oculos
734 549 741 571 :
769 549 836 571 nec
854 549 1016 581 purpura
1034 550 1152 581 regem

234 589 340 622 Picta
358 592 494 632 movet,
515 601 582 622 nec
601 592 741 633 sceptra
759 593 908 624 movent
927 590 1108 625 Priameia
1126 594 1285 633 tantum,

235 641 423 682 Quantum
442 642 480 675 in
500 643 681 676 connubio
699 645 796 677 natae
815 643 1051 688 thalamoque
1070 648 1245 688 moratur,

235 695 284 728 Et
304 695 435 728 veteris
450 695 569 729 Fauni
587 696 704 729 volvit
723 696 790 730 sub
809 699 954 740 pectore
980 700 1114 730 sortem
1136 711 1196 732 :—

236 748 348 781 Hunc
366 748 470 782 illum
490 749 575 782 fatis
594 751 747 782 externa
767 761 788 783 a
808 749 892 783 sede
911 750 1113 794 profectum

236 801 413 835 Portendi
433 813 618 845 generum,
640 803 859 846 paribusque
878 803 913 836 in
936 815 1046 846 regna
1064 803 1184 837 vocari

235 854 417 898 Auspiciis
434 868 442 896 3
470 855 555 888 huic
575 856 783 899 progeniem
801 855 940 889 virtute
960 857 1122 890 futuram

236 907 439 951 Egregiam,
462 910 498 941 et
518 910 639 941 totum
660 920 741 952 quae
761 908 900 942 viribus
920 912 1071 953 occupet
1091 909 1224 944 orbem.

237 960 399 994 Tandem
414 961 521 995 laetus
541 961 593 994 ait
612 974 618 995 :
651 963 676 979 “
696 961 745 994 Di
765 964 890 995 nostra
908 962 1054 1006 incepta
1072 964 1273 996 secundent

236 1013 518 1057 Auguriumque
538 1025 654 1048 suum.
717 1014 887 1057 Dabitur,
910 1015 1077 1058 Trojane,
1095 1016 1194 1060 quod
1215 1019 1329 1060 optvs,

210 1074 214 1076 ’
237 1066 396 1100 Manem
414 1078 481 1100 nec
500 1078 639 1110 sperno.
700 1067 789 1100 Non
806 1067 922 1110 vobis,
945 1079 1026 1111 rege
1040 1067 1183 1112 Latino,

237 1119 373 1154 Divitis
392 1119 483 1152 uber
501 1120 577 1163 agri
597 1119 760 1164 Trojaeve
779 1120 968 1164 opulentia
987 1121 1111 1155 deerit.

239 1172 322 1216 Ipse
341 1172 450 1206 modo
467 1172 615 1216 AEoeas,
638 1175 752 1206 nostri
772 1173 803 1206 si
821 1175 925 1207 tanta
947 1174 1078 1218 cupido
1098 1177 1164 1217 est,

239 1225 278 1259 Si
293 1225 401 1269 jungi
419 1225 578 1269 hospitio
592 1228 774 1270 properat,
797 1226 987 1270 sociusque
1006 1227 1139 1270 vocari,

239 1279 426 1312 Adveniat
447 1292 453 1320 ;
481 1279 608 1312 vultus
627 1290 719 1312 neve
738 1279 968 1313 exhorremat
987 1280 1129 1314 amicos.

240 1332 330 1366 Pars
348 1332 439 1365 mihi
458 1333 555 1376 pacis
575 1332 643 1365 erit
663 1332 829 1366 dextram
844 1332 1005 1376 tetigisse
1023 1334 1181 1376 tyranni.

240 1385 318 1418 Vos
337 1388 464 1418 contra
482 1385 557 1429 regi
576 1397 656 1419 mea
670 1397 768 1419 nunc
786 1385 959 1419 mandata
976 1386 1118 1420 referte.

241 1438 308 1472 Est
327 1439 417 1472 milii
436 1441 535 1481 nata,
558 1438 635 1471 viro
655 1439 773 1482 gentis
794 1450 902 1482 quam
919 1439 1073 1482 jungere
1092 1442 1226 1474 nostrae

242 1491 330 1524 Non
344 1491 463 1535 patrio
483 1502 528 1524 ex
548 1491 661 1535 adyto
681 1494 806 1534 sortes,
829 1503 902 1525 non
922 1492 1079 1535 plurima
1098 1493 1188 1525 coelo

241 1544 410 1577 Monstra
428 1545 555 1577 sinunt
576 1556 582 1578 ε
612 1556 761 1588 generos
775 1545 935 1577 externis
954 1545 1063 1578 affore
1082 1545 1127 1578 ab
1147 1545 1230 1587 oris,

241 1596 325 1631 Hoc
343 1597 449 1641 Latio
468 1600 603 1630 restare
623 1600 772 1640 canunt,
795 1597 859 1640 qui
879 1597 1054 1640 sanguine
1073 1600 1238 1631 nostrum

242 1650 388 1684 Nomen
409 1651 445 1683 in
467 1653 564 1684 astra
583 1650 711 1684 forant.
772 1649 885 1683 Hunc
904 1650 1008 1683 illum
1028 1662 1172 1694 poscere
1193 1651 1268 1684 sata

240 1703 289 1737 Et
308 1715 400 1746 reor,
423 1706 472 1746 et,
484 1699 524 1736 Χεἰ
545 1703 635 1747 quid
653 1703 730 1736 veri
749 1714 850 1736 mens
870 1705 1036 1746 augurat,
1059 1704 1184 1746 opto.”

241 1756 334 1790 Haec
353 1758 494 1799 effatus,
518 1768 630 1800 equos
649 1767 800 1789 numero
819 1758 923 1799 pater
942 1756 1043 1799 eligit
1063 1757 1159 1789 omni
1182 1770 1188 1797 ς

242 1809 413 1851 (Stabant
432 1812 488 1842 ter
508 1812 654 1842 centum
675 1809 785 1842 nitidi
803 1808 842 1841 in
861 1809 1082 1852 praesepibus
1100 1809 1184 1842 altis
1202 1809 1224 1853 ς)

241 1862 420 1896 Omnibus
439 1863 622 1906 extemplo
642 1862 787 1895 Teucris
802 1861 910 1905 jubet
929 1861 1055 1894 ordine
1075 1862 1160 1895 duci,

240 1915 421 1949 Instratos
439 1918 537 1949 ostro
556 1915 715 1959 alipedes
734 1915 913 1958 pictisque
932 1915 1066 1958 tapetis
1083 1928 1090 1956 ;

239 1969 362 2002 Aurea
380 1968 586 2012 pectoribus
605 1968 760 2001 demissa
779 1967 927 2001 monilia
946 1967 1108 2011 pendent
1127 1981 1135 2009 3

239 2022 340 2055 Tecti
360 2033 460 2062 auro,
483 2021 627 2054 fulvum
647 2021 831 2054 mandunt
851 2020 918 2053 sub
938 2020 1111 2054 dentibus
1130 2032 1269 2055 aurum.

238 2075 393 2108 Absenti
413 2074 543 2107 AEneae
563 2086 708 2107 currum
723 2074 958 2116 geminosque
973 2073 1129 2116 jugales,

240 2127 384 2161 Semine
404 2128 449 2161 ab
469 2127 630 2170 aetherio,
655 2127 832 2170 spirantes
852 2127 1001 2159 naribus
1021 2126 1154 2169 ignem,

239 2180 391 2214 Illorum
411 2180 456 2214 de
475 2183 596 2224 gente,
619 2180 714 2224 patri
735 2191 825 2223 quos
844 2178 996 2212 Daedala
1016 2178 1115 2212 Circe

238 2233 435 2277 Supposita
456 2233 500 2266 de
519 2236 635 2267 matre
655 2233 788 2266 nothos
806 2233 929 2265 furata
948 2232 1093 2265 creavit.

237 2286 385 2320 Talibus
407 2285 583 2319 AEneadm
604 2286 709 2319 donis⁴
729 2285 909 2328 dictisque
929 2284 1052 2317 Latini

237 2339 418 2373 Sublimes
436 2339 473 2372 in
495 2340 597 2382 cquis
617 2338 783 2380 redeunt,
805 2348 1002 2381 pacemque
1022 2340 1220 2381 reportant.

1404 220 1445 241 ⁴:⁴⁵

1407 485 1449 505 250

1410 749 1451 768 *255

1416 1279 1456 1299 ‘EC-5

1415 2072 1456 2092 2³)
