1559 2584
143 121 193 155 48

571 130 757 157 VIRGILII
789 129 1024 157 GEORGICA.

247 216 418 261 Agricola
435 217 586 253 incurvo
604 221 739 253 terram
758 219 914 252 dimovit
934 220 1055 252 aratro
1072 244 1080 253 .

247 270 348 305 Hinc
366 272 454 305 anni
471 272 574 306 labor
592 285 601 314 3
628 272 714 306 hinc
732 272 901 316 patriam,
922 283 1124 316 parvosque
1143 273 1294 315 nepotes

248 324 414 358 Sustinet
432 338 438 359 z
467 325 552 359 hinc
571 327 736 359 armenta
753 325 878 368 boum,
899 325 1121 369 meritosque
1135 325 1323 369 juvencos.

248 377 287 411 N
290 389 329 411 ec
347 378 502 422 requies,
524 379 614 423 quin
633 381 698 412 aut
717 379 833 422 pomis
851 378 1026 412 exuberet
1044 390 1173 421 annus,

247 431 327 465 Aut
345 431 439 465 foetu
458 443 641 476 pecorum,
663 434 728 466 aut
748 431 902 465 Cerealis
920 432 1072 475 mergite
1091 431 1201 465 culmi
1220 444 1229 472 ;

249 484 511 528 Proventuque
531 487 657 519 oneret
676 485 805 529 sulcos,
827 487 938 529 atque
956 485 1086 518 horrea
1104 485 1235 519 vincat.

249 536 365 571 Venit
383 537 499 571 hiems
517 551 524 579 3
552 538 686 572 teritur
705 538 873 583 Sicyonia
891 538 1000 572 bacca
1017 537 1171 581 trapetis
1190 549 1199 579 ς

249 590 392 625 Glande
411 603 492 625 sues
511 591 588 626 laeti
605 592 761 625 redeunt
781 605 788 634 ;
818 592 909 625 dant
931 591 1062 625 arbuta
1080 591 1192 635 sylvae
1208 602 1220 633 ;

248 643 299 678 Et
318 645 436 678 varios
454 645 558 689 ponit
577 646 690 679 foetus
709 648 909 679 autumnus
926 658 934 686 3
963 647 1000 678 et
1019 644 1092 678 alte

248 697 354 731 Mitis
371 698 410 731 in
430 698 559 742 apricis
577 699 748 743 coquitur
765 699 948 732 vindemia
967 698 1072 731 saxis.

249 751 397 785 Interea
415 752 539 785 dulces
557 753 720 796 pendent
739 752 874 786 circum
894 751 1016 785 oscula
1035 750 1113 785 nati
1134 763 1141 792 ;

249 804 358 838 Casta
375 805 591 849 pudicitiam
610 808 731 839 servat
750 806 880 839 domus
900 819 908 847 ;
936 805 1048 839 ubera
1067 816 1184 838 vaccae

247 857 381 892 Lactea
399 858 619 893 demittunt:
649 859 874 903 pinguesque
893 858 931 891 in
946 858 1107 902 gramine
1126 858 1213 891 laeto

249 911 353 945 Inter
372 923 408 945 se
428 912 587 946 adversis
605 912 796 946 luctantur
814 912 982 946 cornibus
1001 911 1110 944 hoedi.

248 964 332 1008 Ipse
346 965 423 999 dies
442 965 556 1009 agitat
574 965 685 999 festos
705 979 712 1007 ;
741 966 918 1010 fususque
937 977 1001 1009 per
1018 964 1181 1007 herbam,

250 1018 352 1062 Ignis
371 1018 436 1052 ubi
454 1019 492 1052 in
512 1019 644 1062 medio,
668 1021 704 1052 et
724 1019 809 1053 socii
829 1021 968 1052 cratera
987 1019 1175 1060 coronant,

249 1071 298 1105 Te
318 1071 446 1115 libans,
470 1072 612 1116 Lenaee,
630 1075 737 1106 vocat
757 1086 765 1114 3
794 1072 1005 1116 pecorisque
1024 1069 1208 1115 magistris

248 1124 394 1158 Velocis
408 1125 523 1169 jaculi
542 1126 740 1159 certamina
757 1126 861 1170 ponit
880 1126 918 1159 in
937 1125 1049 1167 ulmo,

249 1177 479 1222 corporaque
498 1179 631 1222 agresti
648 1179 792 1212 nudant
811 1179 978 1223 praedura
998 1178 1177 1222 palaestra.

249 1230 358 1265 Hanc
378 1231 463 1266 olim
483 1235 623 1265 veteres
642 1233 757 1266 vitam
776 1232 918 1266 coluere
938 1232 1074 1273 Sabini,

248 1284 356 1318 Hanc
375 1284 515 1319 Remus
534 1288 570 1319 et
589 1286 702 1319 frater
719 1298 726 1320 ε
755 1286 805 1319 sic
820 1285 926 1319 fortis
944 1285 1091 1318 Etruria
1111 1284 1224 1317 crevit
1239 1294 1251 1326 ;

248 1338 393 1372 Scilicet
412 1341 449 1372 et
467 1350 589 1372 rerum
607 1339 703 1373 facta
722 1342 777 1373 est
791 1339 1031 1383 pulcherrima
1051 1338 1181 1381 Roma,

248 1392 468 1436 Septemque
486 1404 560 1425 una
580 1392 648 1426 sibi
666 1404 771 1426 muro
791 1392 1031 1426 circumdedit
1049 1402 1156 1425 arces,

246 1445 345 1479 Ante
365 1445 475 1479 etiam
494 1448 676 1489 sceptrum
696 1446 829 1479 Dictaei
846 1446 951 1489 regis,
974 1448 1011 1478 et
1030 1447 1116 1478 ante

247 1497 368 1542 Impia
387 1510 496 1542 quam
516 1499 616 1532 eaesis
633 1511 722 1543 gens
742 1502 796 1532 est
815 1500 962 1543 epulata
976 1498 1157 1542 juvencis,

246 1551 392 1585 Aureus
411 1552 505 1586 hanc
523 1553 637 1586 vitam
657 1553 695 1586 in
714 1553 820 1586 terris
840 1552 1021 1586 Saturnus
1040 1552 1177 1596 agebat

245 1604 417 1638 Necdum
435 1605 546 1639 etiam
564 1606 756 1640 audierant
774 1606 893 1639 inflari
912 1605 1069 1648 classica,
1091 1605 1247 1640 necdum

245 1658 443 1702 Impositos
463 1659 563 1692 duris
583 1660 756 1703 crepitare
776 1659 969 1692 incudibus
989 1670 1100 1692 enses.

301 1712 372 1745 Sed
391 1724 457 1746 nos
475 1712 693 1746 immensum
713 1713 839 1756 spatiis
859 1712 1079 1746 confecimus
1098 1723 1234 1756 aequor,

245 1764 295 1799 Et
310 1765 388 1809 jam
407 1768 551 1810 tempus
570 1767 707 1810 equum
726 1766 907 1800 fumantia
927 1765 1065 1799 solvere
1085 1765 1185 1800 colla.

593 2021 748 2055 LIBER
777 2021 999 2056 TERTIUS.

243 2121 296 2155 ΤΕ
316 2132 473 2165 quoque,
495 2131 627 2164 magna
648 2120 767 2163 Pales,
790 2122 827 2153 et
846 2123 897 2163 te,
919 2120 1164 2163 memorande,
1189 2131 1372 2164 canemus,

241 2174 374 2208 Pastor
392 2174 437 2207 ab
456 2174 665 2218 Amphryso
686 2186 694 2214 3
722 2185 799 2216 VOS,
822 2174 948 2217 sylvae,
971 2186 1167 2217 amnesque
1188 2174 1317 2216 Lycaei.

243 2227 384 2270 Cetera,
408 2239 490 2271 quae
510 2238 642 2260 vacuas
661 2227 866 2260 tenuissent
887 2227 1046 2260 carmina
1065 2229 1216 2269 mentes,

242 2280 376 2314 Omnia
390 2280 468 2323 jam
488 2280 647 2324 vulgata.
709 2279 798 2320 Quis
817 2282 881 2313 aut
900 2280 1106 2324 Eurysthea
1125 2279 1271 2322 (lumin,

240 2334 320 2368 Aut
338 2333 507 2366 illaudati
526 2334 641 2366 nescit
662 2332 841 2366 Busiridis
860 2344 939 2367 aras
957 2333 969 2366 ‘l

243 2386 311 2421 Cui
330 2398 403 2420 non
424 2387 543 2420 dictus
563 2386 682 2430 Hylas
701 2398 804 2431 puer,
827 2388 864 2419 et
884 2386 1038 2419 Latonia
1057 2384 1194 2418 Delos?

1421 317 1460 338 512»

1418 846 1458 866 525

1421 1119 1465 1141 exau

1426 1382 1464 1401 55³5
