<?xml version="1.0" encoding="UTF-8"?>
<!DOCTYPE html PUBLIC "-//W3C//DTD XHTML 1.0 Transitional//EN"
    "http://www.w3.org/TR/xhtml1/DTD/xhtml1-transitional.dtd">
<html xmlns="http://www.w3.org/1999/xhtml" xml:lang="en" lang="en">
 <head>
  <title>
</title>
<meta http-equiv="Content-Type" content="text/html;charset=utf-8" />
  <meta name='ocr-system' content='tesseract 3.04.00' />
  <meta name='ocr-capabilities' content='ocr_page ocr_carea ocr_par ocr_line ocrx_word'/>
</head>
<body>
  <div class='ocr_page' id='page_1' title='image "./operavir00virguoft_0247.png"; bbox 0 0 1528 2569; ppageno 0'>
   <div class='ocr_carea' id='block_1_1' title="bbox 615 107 843 136">
    <p class='ocr_par' dir='ltr' id='par_1_1' title="bbox 615 107 843 136">
     <span class='ocr_line' id='line_1_1' title="bbox 615 107 843 136; baseline 0 -1"><span class='ocrx_word' id='word_1_1' title='bbox 615 108 750 136; x_wconf 83' lang='lat' dir='ltr'>LIBER</span> <span class='ocrx_word' id='word_1_2' title='bbox 779 107 843 135; x_wconf 88' lang='lat'>111.</span> 
     </span>
    </p>
   </div>
   <div class='ocr_carea' id='block_1_2' title="bbox 180 195 1232 1457">
    <p class='ocr_par' dir='ltr' id='par_1_2' title="bbox 183 195 1008 241">
     <span class='ocr_line' id='line_1_2' title="bbox 183 195 1008 241; baseline -0.004 -10"><span class='ocrx_word' id='word_1_3' title='bbox 183 197 294 232; x_wconf 76' lang='lat' dir='ltr'>Laeva</span> <span class='ocrx_word' id='word_1_4' title='bbox 311 196 380 230; x_wconf 83' lang='lat' dir='ltr'>tibi</span> <span class='ocrx_word' id='word_1_5' title='bbox 397 195 519 239; x_wconf 83' lang='lat' dir='ltr'>tellus,</span> <span class='ocrx_word' id='word_1_6' title='bbox 542 198 580 229; x_wconf 89' lang='lat' dir='ltr'>et</span> <span class='ocrx_word' id='word_1_7' title='bbox 597 196 705 241; x_wconf 74' lang='lat' dir='ltr'>longo</span> <span class='ocrx_word' id='word_1_8' title='bbox 723 196 817 229; x_wconf 78' lang='lat' dir='ltr'>laeva</span> <span class='ocrx_word' id='word_1_9' title='bbox 834 196 1008 240; x_wconf 83' lang='lat' dir='ltr'>petantur</span> 
     </span>
    </p>

    <p class='ocr_par' dir='ltr' id='par_1_3' title="bbox 183 247 1203 611">
     <span class='ocr_line' id='line_1_3' title="bbox 184 247 1180 294; baseline -0.003 -10"><span class='ocrx_word' id='word_1_10' title='bbox 184 250 351 294; x_wconf 83' lang='lat' dir='ltr'>AEquora</span> <span class='ocrx_word' id='word_1_11' title='bbox 369 249 523 283; x_wconf 83' lang='lat' dir='ltr'>circuitu</span> <span class='ocrx_word' id='word_1_12' title='bbox 541 262 548 283; x_wconf 90' lang='lat'>:</span> <span class='ocrx_word' id='word_1_13' title='bbox 577 249 750 283; x_wconf 64' lang='lat' dir='ltr'>dextrum</span> <span class='ocrx_word' id='word_1_14' title='bbox 768 249 854 293; x_wconf 77' lang='lat' dir='ltr'>fuge</span> <span class='ocrx_word' id='word_1_15' title='bbox 873 247 980 282; x_wconf 75' lang='lat' dir='ltr'>littus</span> <span class='ocrx_word' id='word_1_16' title='bbox 999 251 1036 281; x_wconf 83' lang='lat' dir='ltr'>et</span> <span class='ocrx_word' id='word_1_17' title='bbox 1054 247 1180 282; x_wconf 82' lang='lat' dir='ltr'>undas.</span> 
     </span>
     <span class='ocr_line' id='line_1_4' title="bbox 183 301 1151 346; baseline -0.003 -9"><span class='ocrx_word' id='word_1_18' title='bbox 183 303 277 337; x_wconf 86' lang='lat' dir='ltr'>Haec</span> <span class='ocrx_word' id='word_1_19' title='bbox 294 303 384 346; x_wconf 89' lang='lat' dir='ltr'>loca,</span> <span class='ocrx_word' id='word_1_20' title='bbox 405 301 443 336; x_wconf 91' lang='lat' dir='ltr'>vi</span> <span class='ocrx_word' id='word_1_21' title='bbox 462 302 647 345; x_wconf 85' lang='lat' dir='ltr'>quondam</span> <span class='ocrx_word' id='word_1_22' title='bbox 666 305 702 336; x_wconf 86' lang='lat' dir='ltr'>et</span> <span class='ocrx_word' id='word_1_23' title='bbox 722 304 825 339; x_wconf 75' lang='lat' dir='ltr'>vasta</span> <span class='ocrx_word' id='word_1_24' title='bbox 844 302 1016 335; x_wconf 81' lang='lat' dir='ltr'>convulsa</span> <span class='ocrx_word' id='word_1_25' title='bbox 1033 301 1151 344; x_wconf 75' lang='lat' dir='ltr'>ruina,</span> 
     </span>
     <span class='ocr_line' id='line_1_5' title="bbox 183 354 1134 401; baseline -0.002 -12"><span class='ocrx_word' id='word_1_26' title='bbox 183 356 358 401; x_wconf 84' lang='lat' dir='ltr'>(Tantum</span> <span class='ocrx_word' id='word_1_27' title='bbox 376 355 446 389; x_wconf 78' lang='lat' dir='ltr'>aevi</span> <span class='ocrx_word' id='word_1_28' title='bbox 462 355 662 399; x_wconf 80' lang='lat' dir='ltr'>longinqua</span> <span class='ocrx_word' id='word_1_29' title='bbox 679 355 778 388; x_wconf 81' lang='lat' dir='ltr'>valet</span> <span class='ocrx_word' id='word_1_30' title='bbox 796 357 938 388; x_wconf 87' lang='lat' dir='ltr'>mutare</span> <span class='ocrx_word' id='word_1_31' title='bbox 956 354 1134 398; x_wconf 78' lang='lat' dir='ltr'>vetustas)</span> 
     </span>
     <span class='ocr_line' id='line_1_6' title="bbox 183 407 1169 452; baseline -0.002 -10"><span class='ocrx_word' id='word_1_32' title='bbox 183 409 391 443; x_wconf 78' lang='lat' dir='ltr'>Dissiluisse</span> <span class='ocrx_word' id='word_1_33' title='bbox 409 409 542 451; x_wconf 77' lang='lat' dir='ltr'>ferunt,</span> <span class='ocrx_word' id='word_1_34' title='bbox 568 420 682 451; x_wconf 84' lang='lat' dir='ltr'>quum</span> <span class='ocrx_word' id='word_1_35' title='bbox 699 407 865 452; x_wconf 83' lang='lat' dir='ltr'>protinus</span> <span class='ocrx_word' id='word_1_36' title='bbox 884 409 1040 451; x_wconf 79' lang='lat' dir='ltr'>utraque</span> <span class='ocrx_word' id='word_1_37' title='bbox 1059 407 1169 440; x_wconf 82' lang='lat' dir='ltr'>tellus</span> 
     </span>
     <span class='ocr_line' id='line_1_7' title="bbox 184 460 1081 505; baseline -0.002 -10"><span class='ocrx_word' id='word_1_38' title='bbox 184 462 269 496; x_wconf 84' lang='lat' dir='ltr'>Una</span> <span class='ocrx_word' id='word_1_39' title='bbox 282 462 377 495; x_wconf 80' lang='lat' dir='ltr'>foret</span> <span class='ocrx_word' id='word_1_40' title='bbox 395 474 402 495; x_wconf 71' lang='grc' dir='ltr'>ε</span> <span class='ocrx_word' id='word_1_41' title='bbox 430 461 532 494; x_wconf 82' lang='lat' dir='ltr'>venit</span> <span class='ocrx_word' id='word_1_42' title='bbox 551 461 670 494; x_wconf 77' lang='lat' dir='ltr'>medio</span> <span class='ocrx_word' id='word_1_43' title='bbox 693 461 727 494; x_wconf 83' lang='lat' dir='ltr'>vi</span> <span class='ocrx_word' id='word_1_44' title='bbox 745 464 892 505; x_wconf 80' lang='lat' dir='ltr'>pontus,</span> <span class='ocrx_word' id='word_1_45' title='bbox 915 462 951 493; x_wconf 88' lang='lat' dir='ltr'>et</span> <span class='ocrx_word' id='word_1_46' title='bbox 971 460 1081 494; x_wconf 83' lang='lat' dir='ltr'>undis</span> 
     </span>
     <span class='ocr_line' id='line_1_8' title="bbox 183 512 1203 558; baseline -0.001 -10"><span class='ocrx_word' id='word_1_47' title='bbox 183 515 403 558; x_wconf 78' lang='lat' dir='ltr'>Hesperium</span> <span class='ocrx_word' id='word_1_48' title='bbox 423 514 542 548; x_wconf 78' lang='lat' dir='ltr'>Siculo</span> <span class='ocrx_word' id='word_1_49' title='bbox 561 514 658 547; x_wconf 80' lang='lat' dir='ltr'>latus</span> <span class='ocrx_word' id='word_1_50' title='bbox 677 514 843 556; x_wconf 77' lang='lat' dir='ltr'>abscidit,</span> <span class='ocrx_word' id='word_1_51' title='bbox 866 524 1024 557; x_wconf 82' lang='lat' dir='ltr'>arvaque</span> <span class='ocrx_word' id='word_1_52' title='bbox 1040 515 1077 547; x_wconf 89' lang='lat' dir='ltr'>et</span> <span class='ocrx_word' id='word_1_53' title='bbox 1095 512 1203 548; x_wconf 81' lang='lat' dir='ltr'>urbes</span> 
     </span>
     <span class='ocr_line' id='line_1_9' title="bbox 183 567 991 611; baseline -0.002 -10"><span class='ocrx_word' id='word_1_54' title='bbox 183 568 324 602; x_wconf 88' lang='lat' dir='ltr'>Littore</span> <span class='ocrx_word' id='word_1_55' title='bbox 343 567 510 601; x_wconf 82' lang='lat' dir='ltr'>diductas</span> <span class='ocrx_word' id='word_1_56' title='bbox 529 570 682 611; x_wconf 81' lang='lat' dir='ltr'>angusto</span> <span class='ocrx_word' id='word_1_57' title='bbox 701 567 869 600; x_wconf 82' lang='lat' dir='ltr'>interluit</span> <span class='ocrx_word' id='word_1_58' title='bbox 890 569 991 600; x_wconf 84' lang='lat' dir='ltr'>aestu.</span> 
     </span>
    </p>

    <p class='ocr_par' dir='ltr' id='par_1_4' title="bbox 180 618 1223 823">
     <span class='ocr_line' id='line_1_10' title="bbox 183 618 1223 663; baseline -0.002 -9"><span class='ocrx_word' id='word_1_59' title='bbox 183 621 367 655; x_wconf 80' lang='lat' dir='ltr'>Dextrum</span> <span class='ocrx_word' id='word_1_60' title='bbox 387 620 507 663; x_wconf 84' lang='lat' dir='ltr'>Scylla</span> <span class='ocrx_word' id='word_1_61' title='bbox 525 620 633 662; x_wconf 86' lang='lat' dir='ltr'>latus,</span> <span class='ocrx_word' id='word_1_62' title='bbox 655 620 790 653; x_wconf 77' lang='lat' dir='ltr'>laevum</span> <span class='ocrx_word' id='word_1_63' title='bbox 808 618 1001 662; x_wconf 71' lang='lat' dir='ltr'>implacata</span> <span class='ocrx_word' id='word_1_64' title='bbox 1021 618 1223 663; x_wconf 72' lang='lat' dir='ltr'>Charybdis</span> 
     </span>
     <span class='ocr_line' id='line_1_11' title="bbox 184 671 1147 716; baseline -0.004 -8"><span class='ocrx_word' id='word_1_65' title='bbox 184 673 336 708; x_wconf 88' lang='lat' dir='ltr'>Obsidet</span> <span class='ocrx_word' id='word_1_66' title='bbox 355 686 364 715; x_wconf 84' lang='lat'><em>3</em></span> <span class='ocrx_word' id='word_1_67' title='bbox 392 675 502 716; x_wconf 85' lang='lat' dir='ltr'>atque</span> <span class='ocrx_word' id='word_1_68' title='bbox 521 673 594 705; x_wconf 83' lang='lat' dir='ltr'>imo</span> <span class='ocrx_word' id='word_1_69' title='bbox 613 672 774 705; x_wconf 69' lang='lat' dir='ltr'>barathri</span> <span class='ocrx_word' id='word_1_70' title='bbox 788 674 845 705; x_wconf 86' lang='lat' dir='ltr'>ter</span> <span class='ocrx_word' id='word_1_71' title='bbox 863 671 1005 715; x_wconf 78' lang='lat' dir='ltr'>gurgite</span> <span class='ocrx_word' id='word_1_72' title='bbox 1027 674 1147 705; x_wconf 88' lang='lat' dir='ltr'>vastos</span> 
     </span>
     <span class='ocr_line' id='line_1_12' title="bbox 183 724 1176 769; baseline -0.003 -9"><span class='ocrx_word' id='word_1_73' title='bbox 183 726 311 761; x_wconf 86' lang='lat' dir='ltr'>Sorbet</span> <span class='ocrx_word' id='word_1_74' title='bbox 329 726 368 759; x_wconf 88' lang='lat' dir='ltr'>in</span> <span class='ocrx_word' id='word_1_75' title='bbox 386 726 583 769; x_wconf 87' lang='lat' dir='ltr'>abruptum</span> <span class='ocrx_word' id='word_1_76' title='bbox 602 725 746 767; x_wconf 64' lang='lat' dir='ltr'>fluctus,</span> <span class='ocrx_word' id='word_1_77' title='bbox 768 736 966 768; x_wconf 78' lang='lat' dir='ltr'><strong>rursusque</strong></span> <span class='ocrx_word' id='word_1_78' title='bbox 986 724 1053 757; x_wconf 92' lang='lat' dir='ltr'>sub</span> <span class='ocrx_word' id='word_1_79' title='bbox 1072 735 1176 758; x_wconf 83' lang='lat' dir='ltr'>auras</span> 
     </span>
     <span class='ocr_line' id='line_1_13' title="bbox 180 777 994 823; baseline -0.004 -10"><span class='ocrx_word' id='word_1_80' title='bbox 180 779 299 823; x_wconf 84' lang='lat' dir='ltr'>Erigit</span> <span class='ocrx_word' id='word_1_81' title='bbox 318 779 487 821; x_wconf 82' lang='lat' dir='ltr'>alternos,</span> <span class='ocrx_word' id='word_1_82' title='bbox 510 780 546 811; x_wconf 89' lang='lat' dir='ltr'>et</span> <span class='ocrx_word' id='word_1_83' title='bbox 565 777 683 811; x_wconf 82' lang='lat' dir='ltr'>sidera</span> <span class='ocrx_word' id='word_1_84' title='bbox 701 777 868 811; x_wconf 84' lang='lat' dir='ltr'>verberat</span> <span class='ocrx_word' id='word_1_85' title='bbox 882 777 994 811; x_wconf 71' lang='lat' dir='ltr'>unda.</span> 
     </span>
    </p>

    <p class='ocr_par' dir='ltr' id='par_1_5' title="bbox 181 830 1067 875">
     <span class='ocr_line' id='line_1_14' title="bbox 181 830 1067 875; baseline -0.003 -9"><span class='ocrx_word' id='word_1_86' title='bbox 181 833 234 867; x_wconf 92' lang='lat' dir='ltr'>At</span> <span class='ocrx_word' id='word_1_87' title='bbox 254 831 412 875; x_wconf 79' lang='lat' dir='ltr'>Scyllam</span> <span class='ocrx_word' id='word_1_88' title='bbox 431 830 532 864; x_wconf 83' lang='lat' dir='ltr'>caecis</span> <span class='ocrx_word' id='word_1_89' title='bbox 551 831 695 864; x_wconf 84' lang='lat' dir='ltr'>cohibet</span> <span class='ocrx_word' id='word_1_90' title='bbox 715 830 887 874; x_wconf 82' lang='lat' dir='ltr'>spelunca</span> <span class='ocrx_word' id='word_1_91' title='bbox 905 830 1067 874; x_wconf 86' lang='lat' dir='ltr'>latebris,</span> 
     </span>
    </p>

    <p class='ocr_par' dir='ltr' id='par_1_6' title="bbox 180 883 1138 1192">
     <span class='ocr_line' id='line_1_15' title="bbox 182 883 1110 926; baseline -0.002 -8"><span class='ocrx_word' id='word_1_92' title='bbox 182 885 256 919; x_wconf 85' lang='lat' dir='ltr'>Ora</span> <span class='ocrx_word' id='word_1_93' title='bbox 274 887 530 926; x_wconf 70' lang='lat' dir='ltr'>exsertantem,</span> <span class='ocrx_word' id='word_1_94' title='bbox 552 886 589 917; x_wconf 89' lang='lat' dir='ltr'>et</span> <span class='ocrx_word' id='word_1_95' title='bbox 604 895 713 917; x_wconf 82' lang='lat' dir='ltr'>naves</span> <span class='ocrx_word' id='word_1_96' title='bbox 732 884 769 916; x_wconf 90' lang='grc'>111</span> <span class='ocrx_word' id='word_1_97' title='bbox 790 895 876 917; x_wconf 78' lang='lat' dir='ltr'>saxa</span> <span class='ocrx_word' id='word_1_98' title='bbox 893 883 1110 917; x_wconf 72' lang='lat' dir='ltr'>trahentem.</span> 
     </span>
     <span class='ocr_line' id='line_1_16' title="bbox 180 936 1125 980; baseline -0.003 -8"><span class='ocrx_word' id='word_1_99' title='bbox 180 938 306 972; x_wconf 82' lang='lat' dir='ltr'>Prima</span> <span class='ocrx_word' id='word_1_100' title='bbox 319 937 476 971; x_wconf 85' lang='lat' dir='ltr'>hominis</span> <span class='ocrx_word' id='word_1_101' title='bbox 494 936 615 979; x_wconf 81' lang='lat' dir='ltr'>facies,</span> <span class='ocrx_word' id='word_1_102' title='bbox 638 939 674 970; x_wconf 88' lang='lat' dir='ltr'>et</span> <span class='ocrx_word' id='word_1_103' title='bbox 693 936 845 980; x_wconf 79' lang='lat' dir='ltr'>pulchro</span> <span class='ocrx_word' id='word_1_104' title='bbox 864 939 1008 980; x_wconf 81' lang='lat' dir='ltr'>pectore</span> <span class='ocrx_word' id='word_1_105' title='bbox 1024 936 1125 980; x_wconf 72' lang='lat' dir='ltr'>virgo</span> 
     </span>
     <span class='ocr_line' id='line_1_17' title="bbox 180 989 1138 1033; baseline -0.002 -9"><span class='ocrx_word' id='word_1_106' title='bbox 180 991 286 1025; x_wconf 89' lang='lat' dir='ltr'>Pube</span> <span class='ocrx_word' id='word_1_107' title='bbox 304 993 413 1024; x_wconf 80' lang='lat' dir='ltr'>tenus</span> <span class='ocrx_word' id='word_1_108' title='bbox 430 1002 437 1024; x_wconf 92' lang='lat'>:</span> <span class='ocrx_word' id='word_1_109' title='bbox 467 992 650 1033; x_wconf 84' lang='lat' dir='ltr'>postrema</span> <span class='ocrx_word' id='word_1_110' title='bbox 667 989 818 1023; x_wconf 84' lang='lat' dir='ltr'>immani</span> <span class='ocrx_word' id='word_1_111' title='bbox 833 1001 979 1033; x_wconf 77' lang='lat' dir='ltr'>corpore</span> <span class='ocrx_word' id='word_1_112' title='bbox 994 989 1138 1033; x_wconf 84' lang='lat' dir='ltr'>pistrix,</span> 
     </span>
     <span class='ocr_line' id='line_1_18' title="bbox 180 1042 1087 1088; baseline 0 -11"><span class='ocrx_word' id='word_1_113' title='bbox 180 1044 407 1088; x_wconf 72' lang='lat' dir='ltr'>Delphinum</span> <span class='ocrx_word' id='word_1_114' title='bbox 426 1043 559 1076; x_wconf 86' lang='lat' dir='ltr'>caudas</span> <span class='ocrx_word' id='word_1_115' title='bbox 576 1046 682 1076; x_wconf 88' lang='lat' dir='ltr'>utero</span> <span class='ocrx_word' id='word_1_116' title='bbox 701 1043 890 1076; x_wconf 77' lang='lat' dir='ltr'>commissa</span> <span class='ocrx_word' id='word_1_117' title='bbox 908 1042 1087 1086; x_wconf 84' lang='lat' dir='ltr'>luporum.</span> 
     </span>
     <span class='ocr_line' id='line_1_19' title="bbox 180 1095 1011 1139; baseline -0.004 -8"><span class='ocrx_word' id='word_1_118' title='bbox 180 1096 339 1131; x_wconf 86' lang='lat' dir='ltr'>Praestat</span> <span class='ocrx_word' id='word_1_119' title='bbox 359 1095 532 1129; x_wconf 82' lang='lat' dir='ltr'>Trinacrii</span> <span class='ocrx_word' id='word_1_120' title='bbox 550 1098 666 1129; x_wconf 86' lang='lat' dir='ltr'>metas</span> <span class='ocrx_word' id='word_1_121' title='bbox 679 1096 834 1129; x_wconf 79' lang='lat' dir='ltr'>lustrare</span> <span class='ocrx_word' id='word_1_122' title='bbox 849 1095 1011 1139; x_wconf 79' lang='lat' dir='ltr'>Pachyni</span> 
     </span>
     <span class='ocr_line' id='line_1_20' title="bbox 182 1149 1062 1192; baseline -0.002 -9"><span class='ocrx_word' id='word_1_123' title='bbox 182 1150 404 1192; x_wconf 84' lang='lat' dir='ltr'>Cessantem,</span> <span class='ocrx_word' id='word_1_124' title='bbox 425 1149 551 1192; x_wconf 80' lang='lat' dir='ltr'>longos</span> <span class='ocrx_word' id='word_1_125' title='bbox 570 1151 606 1182; x_wconf 91' lang='lat' dir='ltr'>et</span> <span class='ocrx_word' id='word_1_126' title='bbox 626 1149 904 1182; x_wconf 79' lang='lat' dir='ltr'>circumflectere</span> <span class='ocrx_word' id='word_1_127' title='bbox 924 1160 1062 1191; x_wconf 88' lang='lat' dir='ltr'>cursus,</span> 
     </span>
    </p>

    <p class='ocr_par' dir='ltr' id='par_1_7' title="bbox 181 1201 1129 1352">
     <span class='ocr_line' id='line_1_21' title="bbox 182 1201 1129 1244; baseline 0.001 -8"><span class='ocrx_word' id='word_1_128' title='bbox 182 1202 301 1244; x_wconf 87' lang='lat' dir='ltr'>Quam</span> <span class='ocrx_word' id='word_1_129' title='bbox 320 1202 431 1236; x_wconf 83' lang='lat' dir='ltr'>semel</span> <span class='ocrx_word' id='word_1_130' title='bbox 449 1201 641 1235; x_wconf 81' lang='lat' dir='ltr'>informem</span> <span class='ocrx_word' id='word_1_131' title='bbox 659 1204 763 1235; x_wconf 79' lang='lat' dir='ltr'>vasto</span> <span class='ocrx_word' id='word_1_132' title='bbox 782 1201 916 1235; x_wconf 81' lang='lat' dir='ltr'>vidisse</span> <span class='ocrx_word' id='word_1_133' title='bbox 935 1201 1002 1235; x_wconf 78' lang='lat' dir='ltr'>sub</span> <span class='ocrx_word' id='word_1_134' title='bbox 1021 1203 1129 1237; x_wconf 81' lang='lat' dir='ltr'>antro</span> 
     </span>
     <span class='ocr_line' id='line_1_22' title="bbox 182 1253 1093 1300; baseline 0 -11"><span class='ocrx_word' id='word_1_135' title='bbox 182 1255 341 1300; x_wconf 79' lang='lat' dir='ltr'>Scyllam</span> <span class='ocrx_word' id='word_1_136' title='bbox 360 1257 397 1289; x_wconf 92' lang='lat' dir='ltr'>et</span> <span class='ocrx_word' id='word_1_137' title='bbox 417 1254 581 1288; x_wconf 78' lang='lat' dir='ltr'>coerulcis</span> <span class='ocrx_word' id='word_1_138' title='bbox 602 1255 750 1288; x_wconf 85' lang='lat' dir='ltr'>canibus</span> <span class='ocrx_word' id='word_1_139' title='bbox 764 1253 977 1288; x_wconf 38' lang='lat' dir='ltr'>*resonantia</span> <span class='ocrx_word' id='word_1_140' title='bbox 997 1266 1093 1289; x_wconf 87' lang='lat' dir='ltr'>saxa.</span> 
     </span>
     <span class='ocr_line' id='line_1_23' title="bbox 181 1306 1086 1352; baseline -0.001 -10"><span class='ocrx_word' id='word_1_141' title='bbox 181 1309 376 1351; x_wconf 86' lang='lat' dir='ltr'>Praeterea,</span> <span class='ocrx_word' id='word_1_142' title='bbox 400 1306 430 1342; x_wconf 84' lang='lat' dir='ltr'>si</span> <span class='ocrx_word' id='word_1_143' title='bbox 450 1319 522 1352; x_wconf 87' lang='lat' dir='ltr'>qua</span> <span class='ocrx_word' id='word_1_144' title='bbox 541 1310 595 1341; x_wconf 84' lang='lat' dir='ltr'>est</span> <span class='ocrx_word' id='word_1_145' title='bbox 615 1307 758 1341; x_wconf 77' lang='lat' dir='ltr'>Heleno</span> <span class='ocrx_word' id='word_1_146' title='bbox 777 1307 986 1351; x_wconf 80' lang='lat' dir='ltr'>prudentia,</span> <span class='ocrx_word' id='word_1_147' title='bbox 1008 1307 1086 1341; x_wconf 81' lang='lat' dir='ltr'>vati</span> 
     </span>
    </p>

    <p class='ocr_par' dir='ltr' id='par_1_8' title="bbox 182 1360 1232 1457">
     <span class='ocr_line' id='line_1_24' title="bbox 182 1360 1085 1405; baseline -0.002 -10"><span class='ocrx_word' id='word_1_148' title='bbox 182 1361 220 1396; x_wconf 84' lang='lat' dir='ltr'>Si</span> <span class='ocrx_word' id='word_1_149' title='bbox 240 1373 312 1405; x_wconf 88' lang='lat' dir='ltr'>qua</span> <span class='ocrx_word' id='word_1_150' title='bbox 330 1361 430 1403; x_wconf 85' lang='lat' dir='ltr'>fides,</span> <span class='ocrx_word' id='word_1_151' title='bbox 453 1361 616 1394; x_wconf 78' lang='lat' dir='ltr'>animum</span> <span class='ocrx_word' id='word_1_152' title='bbox 630 1361 660 1393; x_wconf 88' lang='lat' dir='ltr'>si</span> <span class='ocrx_word' id='word_1_153' title='bbox 680 1361 773 1394; x_wconf 79' lang='lat' dir='ltr'>veris</span> <span class='ocrx_word' id='word_1_154' title='bbox 791 1360 920 1404; x_wconf 85' lang='lat' dir='ltr'>implet</span> <span class='ocrx_word' id='word_1_155' title='bbox 938 1361 1085 1404; x_wconf 88' lang='lat' dir='ltr'>Apollo,</span> 
     </span>
     <span class='ocr_line' id='line_1_25' title="bbox 182 1413 1232 1457; baseline -0.001 -9"><span class='ocrx_word' id='word_1_156' title='bbox 182 1414 309 1448; x_wconf 81' lang='lat' dir='ltr'>Unum</span> <span class='ocrx_word' id='word_1_157' title='bbox 327 1414 420 1447; x_wconf 79' lang='lat' dir='ltr'>illud</span> <span class='ocrx_word' id='word_1_158' title='bbox 438 1413 521 1456; x_wconf 86' lang='lat' dir='ltr'>tibi,</span> <span class='ocrx_word' id='word_1_159' title='bbox 544 1416 628 1446; x_wconf 87' lang='lat' dir='ltr'>nate</span> <span class='ocrx_word' id='word_1_160' title='bbox 648 1413 738 1456; x_wconf 73' lang='lat' dir='ltr'>Dea,</span> <span class='ocrx_word' id='word_1_161' title='bbox 760 1425 908 1457; x_wconf 73' lang='lat' dir='ltr'>praeque</span> <span class='ocrx_word' id='word_1_162' title='bbox 928 1413 1097 1447; x_wconf 70' lang='lat' dir='ltr'>omnibus</span> <span class='ocrx_word' id='word_1_163' title='bbox 1114 1424 1232 1448; x_wconf 71' lang='lat' dir='ltr'>unum</span> 
     </span>
    </p>
   </div>
   <div class='ocr_carea' id='block_1_3' title="bbox 180 1466 1282 1510">
    <p class='ocr_par' dir='ltr' id='par_1_9' title="bbox 180 1466 1282 1510">
     <span class='ocr_line' id='line_1_26' title="bbox 180 1466 1282 1510; baseline 0 -9"><span class='ocrx_word' id='word_1_164' title='bbox 180 1467 395 1509; x_wconf 82' lang='lat' dir='ltr'>Praedicam,</span> <span class='ocrx_word' id='word_1_165' title='bbox 417 1468 454 1499; x_wconf 89' lang='lat' dir='ltr'>et</span> <span class='ocrx_word' id='word_1_166' title='bbox 469 1468 635 1510; x_wconf 85' lang='lat' dir='ltr'>repetens</span> <span class='ocrx_word' id='word_1_167' title='bbox 649 1466 855 1510; x_wconf 83' lang='lat' dir='ltr'>iterumque</span> <span class='ocrx_word' id='word_1_168' title='bbox 875 1466 1081 1510; x_wconf 85' lang='lat' dir='ltr'>iterumque</span> <span class='ocrx_word' id='word_1_169' title='bbox 1101 1466 1255 1500; x_wconf 88' lang='lat' dir='ltr'>monebo</span> <span class='ocrx_word' id='word_1_170' title='bbox 1274 1478 1282 1502; x_wconf 71' lang='grc' dir='ltr'><strong><em>ε</em></strong></span> 
     </span>
    </p>
   </div>
   <div class='ocr_carea' id='block_1_4' title="bbox 179 1519 1232 2410">
    <p class='ocr_par' dir='ltr' id='par_1_10' title="bbox 180 1519 1102 1563">
     <span class='ocr_line' id='line_1_27' title="bbox 180 1519 1102 1563; baseline -0.001 -9"><span class='ocrx_word' id='word_1_171' title='bbox 180 1519 340 1554; x_wconf 77' lang='lat' dir='ltr'>Junonis</span> <span class='ocrx_word' id='word_1_172' title='bbox 354 1530 494 1563; x_wconf 84' lang='lat' dir='ltr'>magnae</span> <span class='ocrx_word' id='word_1_173' title='bbox 512 1519 671 1563; x_wconf 88' lang='lat' dir='ltr'>primum</span> <span class='ocrx_word' id='word_1_174' title='bbox 689 1531 793 1563; x_wconf 81' lang='lat' dir='ltr'>prece</span> <span class='ocrx_word' id='word_1_175' title='bbox 812 1531 949 1553; x_wconf 89' lang='lat' dir='ltr'>numen</span> <span class='ocrx_word' id='word_1_176' title='bbox 967 1519 1078 1553; x_wconf 84' lang='lat' dir='ltr'>adora</span> <span class='ocrx_word' id='word_1_177' title='bbox 1093 1532 1102 1561; x_wconf 79' lang='lat'><em>3</em></span> 
     </span>
    </p>

    <p class='ocr_par' dir='ltr' id='par_1_11' title="bbox 181 1572 1170 1713">
     <span class='ocr_line' id='line_1_28' title="bbox 181 1572 1170 1616; baseline 0 -10"><span class='ocrx_word' id='word_1_178' title='bbox 181 1573 208 1607; x_wconf 87' lang='lat' dir='ltr'>J</span> <span class='ocrx_word' id='word_1_179' title='bbox 209 1573 324 1606; x_wconf 85' lang='lat' dir='ltr'>unoni</span> <span class='ocrx_word' id='word_1_180' title='bbox 342 1584 429 1606; x_wconf 84' lang='lat' dir='ltr'>cane</span> <span class='ocrx_word' id='word_1_181' title='bbox 449 1575 535 1606; x_wconf 87' lang='lat' dir='ltr'>vota</span> <span class='ocrx_word' id='word_1_182' title='bbox 553 1572 682 1615; x_wconf 85' lang='lat' dir='ltr'>libens,</span> <span class='ocrx_word' id='word_1_183' title='bbox 705 1572 963 1616; x_wconf 80' lang='lat' dir='ltr'>dominamque</span> <span class='ocrx_word' id='word_1_184' title='bbox 982 1574 1170 1616; x_wconf 87' lang='lat' dir='ltr'>potentem</span> 
     </span>
     <span class='ocr_line' id='line_1_29' title="bbox 181 1625 1089 1670; baseline -0.001 -10"><span class='ocrx_word' id='word_1_185' title='bbox 181 1625 412 1670; x_wconf 80' lang='lat' dir='ltr'>Supplicibus</span> <span class='ocrx_word' id='word_1_186' title='bbox 427 1636 557 1669; x_wconf 87' lang='lat' dir='ltr'>supera</span> <span class='ocrx_word' id='word_1_187' title='bbox 576 1625 680 1658; x_wconf 85' lang='lat' dir='ltr'>donis</span> <span class='ocrx_word' id='word_1_188' title='bbox 698 1637 705 1659; x_wconf 95' lang='lat'><strong>:</strong></span> <span class='ocrx_word' id='word_1_189' title='bbox 727 1625 776 1659; x_wconf 81' lang='lat' dir='ltr'>sic</span> <span class='ocrx_word' id='word_1_190' title='bbox 795 1625 953 1669; x_wconf 89' lang='lat' dir='ltr'>denique</span> <span class='ocrx_word' id='word_1_191' title='bbox 972 1625 1089 1660; x_wconf 82' lang='lat' dir='ltr'>victor</span> 
     </span>
     <span class='ocr_line' id='line_1_30' title="bbox 181 1676 921 1713; baseline -0.001 -1"><span class='ocrx_word' id='word_1_192' title='bbox 181 1676 363 1713; x_wconf 63' lang='lat' dir='ltr'>Trinacria</span> <span class='ocrx_word' id='word_1_193' title='bbox 380 1678 470 1711; x_wconf 86' lang='lat' dir='ltr'>fines</span> <span class='ocrx_word' id='word_1_194' title='bbox 489 1678 603 1711; x_wconf 85' lang='lat' dir='ltr'>Italos</span> <span class='ocrx_word' id='word_1_195' title='bbox 621 1678 767 1712; x_wconf 71' lang='lat' dir='ltr'>mittere</span> <span class='ocrx_word' id='word_1_196' title='bbox 784 1678 921 1712; x_wconf 74' lang='lat' dir='ltr'>relicta.</span> 
     </span>
    </p>

    <p class='ocr_par' dir='ltr' id='par_1_12' title="bbox 179 1730 1071 1880">
     <span class='ocr_line' id='line_1_31' title="bbox 180 1730 1069 1774; baseline -0.002 -8"><span class='ocrx_word' id='word_1_197' title='bbox 180 1731 267 1766; x_wconf 89' lang='lat' dir='ltr'>Huc</span> <span class='ocrx_word' id='word_1_198' title='bbox 285 1731 350 1765; x_wconf 83' lang='lat' dir='ltr'>ubi</span> <span class='ocrx_word' id='word_1_199' title='bbox 363 1730 506 1764; x_wconf 85' lang='lat' dir='ltr'>delatus</span> <span class='ocrx_word' id='word_1_200' title='bbox 525 1731 710 1764; x_wconf 70' lang='lat' dir='ltr'>Cumaeam</span> <span class='ocrx_word' id='word_1_201' title='bbox 728 1731 916 1765; x_wconf 77' lang='lat' dir='ltr'>accesseris</span> <span class='ocrx_word' id='word_1_202' title='bbox 929 1731 1069 1774; x_wconf 87' lang='lat' dir='ltr'>urbem,</span> 
     </span>
     <span class='ocr_line' id='line_1_32' title="bbox 179 1784 1071 1829; baseline -0.001 -11"><span class='ocrx_word' id='word_1_203' title='bbox 179 1784 404 1827; x_wconf 84' lang='lat' dir='ltr'>Divinosque</span> <span class='ocrx_word' id='word_1_204' title='bbox 422 1784 522 1817; x_wconf 85' lang='lat' dir='ltr'>lacus</span> <span class='ocrx_word' id='word_1_205' title='bbox 541 1787 578 1817; x_wconf 84' lang='lat' dir='ltr'>et</span> <span class='ocrx_word' id='word_1_206' title='bbox 598 1784 743 1818; x_wconf 85' lang='lat' dir='ltr'>Averna</span> <span class='ocrx_word' id='word_1_207' title='bbox 761 1784 928 1817; x_wconf 81' lang='lat' dir='ltr'>sonantia</span> <span class='ocrx_word' id='word_1_208' title='bbox 945 1784 1071 1829; x_wconf 81' lang='lat' dir='ltr'>sylvis,</span> 
     </span>
     <span class='ocr_line' id='line_1_33' title="bbox 180 1836 1062 1880; baseline 0 -10"><span class='ocrx_word' id='word_1_209' title='bbox 180 1838 352 1871; x_wconf 84' lang='lat' dir='ltr'>Insanam</span> <span class='ocrx_word' id='word_1_210' title='bbox 371 1839 492 1870; x_wconf 80' lang='lat' dir='ltr'>vatem</span> <span class='ocrx_word' id='word_1_211' title='bbox 510 1836 670 1880; x_wconf 73' lang='lat' dir='ltr'>aspicies,</span> <span class='ocrx_word' id='word_1_212' title='bbox 692 1848 775 1880; x_wconf 77' lang='lat' dir='ltr'>quae</span> <span class='ocrx_word' id='word_1_213' title='bbox 794 1849 882 1880; x_wconf 89' lang='lat' dir='ltr'>rupe</span> <span class='ocrx_word' id='word_1_214' title='bbox 902 1837 969 1870; x_wconf 79' lang='lat' dir='ltr'>sub</span> <span class='ocrx_word' id='word_1_215' title='bbox 987 1837 1062 1870; x_wconf 71' lang='lat' dir='ltr'>ima</span> 
     </span>
    </p>

    <p class='ocr_par' dir='ltr' id='par_1_13' title="bbox 181 1889 1232 2251">
     <span class='ocr_line' id='line_1_34' title="bbox 181 1889 1125 1932; baseline -0.001 -8"><span class='ocrx_word' id='word_1_216' title='bbox 181 1890 274 1924; x_wconf 81' lang='lat' dir='ltr'>Fata</span> <span class='ocrx_word' id='word_1_217' title='bbox 293 1889 402 1932; x_wconf 83' lang='lat' dir='ltr'>canit,</span> <span class='ocrx_word' id='word_1_218' title='bbox 427 1889 594 1932; x_wconf 84' lang='lat' dir='ltr'>foliisque</span> <span class='ocrx_word' id='word_1_219' title='bbox 613 1892 718 1923; x_wconf 83' lang='lat' dir='ltr'>notas</span> <span class='ocrx_word' id='word_1_220' title='bbox 738 1892 774 1923; x_wconf 87' lang='lat' dir='ltr'>et</span> <span class='ocrx_word' id='word_1_221' title='bbox 794 1890 943 1923; x_wconf 83' lang='lat' dir='ltr'>nomina</span> <span class='ocrx_word' id='word_1_222' title='bbox 963 1889 1125 1923; x_wconf 86' lang='lat' dir='ltr'>mandat.</span> 
     </span>
     <span class='ocr_line' id='line_1_35' title="bbox 183 1942 1119 1986; baseline -0.001 -10"><span class='ocrx_word' id='word_1_223' title='bbox 183 1943 429 1986; x_wconf 61' lang='lat' dir='ltr'>Quaecumque</span> <span class='ocrx_word' id='word_1_224' title='bbox 448 1942 487 1975; x_wconf 85' lang='lat' dir='ltr'>in</span> <span class='ocrx_word' id='word_1_225' title='bbox 505 1942 602 1975; x_wconf 78' lang='lat' dir='ltr'>foliis</span> <span class='ocrx_word' id='word_1_226' title='bbox 622 1942 811 1986; x_wconf 78' lang='lat' dir='ltr'>descripsit</span> <span class='ocrx_word' id='word_1_227' title='bbox 831 1942 989 1976; x_wconf 82' lang='lat' dir='ltr'>carmina</span> <span class='ocrx_word' id='word_1_228' title='bbox 1005 1942 1119 1985; x_wconf 84' lang='lat' dir='ltr'>virgo,</span> 
     </span>
     <span class='ocr_line' id='line_1_36' title="bbox 182 1994 1231 2039; baseline -0.001 -10"><span class='ocrx_word' id='word_1_229' title='bbox 182 1995 323 2039; x_wconf 83' lang='lat' dir='ltr'>Digerit</span> <span class='ocrx_word' id='word_1_230' title='bbox 341 1995 381 2028; x_wconf 89' lang='lat' dir='ltr'>in</span> <span class='ocrx_word' id='word_1_231' title='bbox 399 2006 605 2038; x_wconf 85' lang='lat' dir='ltr'>numerum,</span> <span class='ocrx_word' id='word_1_232' title='bbox 623 1998 733 2039; x_wconf 84' lang='lat' dir='ltr'>atque</span> <span class='ocrx_word' id='word_1_233' title='bbox 753 1997 858 2028; x_wconf 87' lang='lat' dir='ltr'>antro</span> <span class='ocrx_word' id='word_1_234' title='bbox 878 1995 1016 2028; x_wconf 84' lang='lat' dir='ltr'>seclusa</span> <span class='ocrx_word' id='word_1_235' title='bbox 1034 1994 1231 2038; x_wconf 84' lang='lat' dir='ltr'>relinquit3</span> 
     </span>
     <span class='ocr_line' id='line_1_37' title="bbox 182 2047 1232 2092; baseline 0 -10"><span class='ocrx_word' id='word_1_236' title='bbox 182 2049 252 2082; x_wconf 89' lang='lat' dir='ltr'>Illa</span> <span class='ocrx_word' id='word_1_237' title='bbox 270 2050 420 2082; x_wconf 86' lang='lat' dir='ltr'>manent</span> <span class='ocrx_word' id='word_1_238' title='bbox 439 2048 592 2081; x_wconf 87' lang='lat' dir='ltr'>immota</span> <span class='ocrx_word' id='word_1_239' title='bbox 608 2047 708 2091; x_wconf 72' lang='lat' dir='ltr'>locis,</span> <span class='ocrx_word' id='word_1_240' title='bbox 730 2059 849 2092; x_wconf 89' lang='lat' dir='ltr'>neque</span> <span class='ocrx_word' id='word_1_241' title='bbox 865 2048 910 2081; x_wconf 80' lang='lat' dir='ltr'>ab</span> <span class='ocrx_word' id='word_1_242' title='bbox 930 2048 1056 2081; x_wconf 84' lang='lat' dir='ltr'>ordine</span> <span class='ocrx_word' id='word_1_243' title='bbox 1075 2047 1212 2082; x_wconf 80' lang='lat' dir='ltr'>cedunt</span> <span class='ocrx_word' id='word_1_244' title='bbox 1222 2060 1232 2089; x_wconf 69' lang='grc' dir='ltr'><strong>ς</strong></span> 
     </span>
     <span class='ocr_line' id='line_1_38' title="bbox 181 2099 1178 2144; baseline -0.001 -9"><span class='ocrx_word' id='word_1_245' title='bbox 181 2099 323 2136; x_wconf 84' lang='lat' dir='ltr'>Verum</span> <span class='ocrx_word' id='word_1_246' title='bbox 343 2101 470 2134; x_wconf 88' lang='lat' dir='ltr'>eadem</span> <span class='ocrx_word' id='word_1_247' title='bbox 484 2112 586 2134; x_wconf 81' lang='lat' dir='ltr'>verso</span> <span class='ocrx_word' id='word_1_248' title='bbox 606 2101 727 2134; x_wconf 88' lang='lat' dir='ltr'>tenuis</span> <span class='ocrx_word' id='word_1_249' title='bbox 747 2112 861 2144; x_wconf 86' lang='lat' dir='ltr'>quum</span> <span class='ocrx_word' id='word_1_250' title='bbox 881 2101 1026 2134; x_wconf 85' lang='lat' dir='ltr'>cardine</span> <span class='ocrx_word' id='word_1_251' title='bbox 1046 2103 1178 2134; x_wconf 85' lang='lat' dir='ltr'>ventus</span> 
     </span>
     <span class='ocr_line' id='line_1_39' title="bbox 181 2153 1046 2198; baseline -0.001 -11"><span class='ocrx_word' id='word_1_252' title='bbox 181 2154 336 2198; x_wconf 81' lang='lat' dir='ltr'>Impulit</span> <span class='ocrx_word' id='word_1_253' title='bbox 355 2156 392 2187; x_wconf 93' lang='lat' dir='ltr'>et</span> <span class='ocrx_word' id='word_1_254' title='bbox 411 2156 554 2187; x_wconf 78' lang='lat' dir='ltr'>teneras</span> <span class='ocrx_word' id='word_1_255' title='bbox 573 2153 737 2187; x_wconf 81' lang='lat' dir='ltr'>turbavit</span> <span class='ocrx_word' id='word_1_256' title='bbox 752 2154 868 2198; x_wconf 79' lang='lat' dir='ltr'>janua.</span> <span class='ocrx_word' id='word_1_257' title='bbox 886 2153 1046 2196; x_wconf 86' lang='lat' dir='ltr'>frondes,</span> 
     </span>
     <span class='ocr_line' id='line_1_40' title="bbox 181 2206 1150 2251; baseline -0.001 -11"><span class='ocrx_word' id='word_1_258' title='bbox 181 2206 384 2251; x_wconf 87' lang='lat' dir='ltr'>Nunquam</span> <span class='ocrx_word' id='word_1_259' title='bbox 403 2206 534 2240; x_wconf 84' lang='lat' dir='ltr'>deinde</span> <span class='ocrx_word' id='word_1_260' title='bbox 555 2217 590 2239; x_wconf 76' lang='grc'>03</span> <span class='ocrx_word' id='word_1_261' title='bbox 600 2218 642 2239; x_wconf 86' lang='lat' dir='ltr'>vo</span> <span class='ocrx_word' id='word_1_262' title='bbox 657 2206 850 2240; x_wconf 78' lang='lat' dir='ltr'>volitantia</span> <span class='ocrx_word' id='word_1_263' title='bbox 870 2206 1044 2250; x_wconf 86' lang='lat' dir='ltr'>prendere</span> <span class='ocrx_word' id='word_1_264' title='bbox 1064 2217 1150 2240; x_wconf 77' lang='lat' dir='ltr'>saxo</span> 
     </span>
    </p>

    <p class='ocr_par' dir='ltr' id='par_1_14' title="bbox 181 2259 1141 2356">
     <span class='ocr_line' id='line_1_41' title="bbox 181 2259 1141 2304; baseline 0.002 -12"><span class='ocrx_word' id='word_1_265' title='bbox 181 2259 220 2292; x_wconf 85' lang='lat' dir='ltr'>N</span> <span class='ocrx_word' id='word_1_266' title='bbox 222 2270 262 2294; x_wconf 82' lang='lat' dir='ltr'>ec</span> <span class='ocrx_word' id='word_1_267' title='bbox 279 2270 447 2293; x_wconf 74' lang='lat' dir='ltr'>revocare</span> <span class='ocrx_word' id='word_1_268' title='bbox 467 2259 558 2292; x_wconf 81' lang='lat' dir='ltr'>situs</span> <span class='ocrx_word' id='word_1_269' title='bbox 578 2262 642 2293; x_wconf 83' lang='lat' dir='ltr'>aut</span> <span class='ocrx_word' id='word_1_270' title='bbox 656 2259 812 2304; x_wconf 66' lang='lat' dir='ltr'>jungere</span> <span class='ocrx_word' id='word_1_271' title='bbox 833 2260 991 2294; x_wconf 85' lang='lat' dir='ltr'>carmina</span> <span class='ocrx_word' id='word_1_272' title='bbox 1011 2261 1112 2294; x_wconf 79' lang='lat' dir='ltr'>curat</span> <span class='ocrx_word' id='word_1_273' title='bbox 1133 2271 1141 2294; x_wconf 90' lang='lat'>:</span> 
     </span>
     <span class='ocr_line' id='line_1_42' title="bbox 181 2311 1068 2356; baseline 0.002 -12"><span class='ocrx_word' id='word_1_274' title='bbox 181 2311 386 2347; x_wconf 79' lang='lat' dir='ltr'>Inconsulti</span> <span class='ocrx_word' id='word_1_275' title='bbox 405 2313 554 2354; x_wconf 69' lang='lat' dir='ltr'>abeunt,</span> <span class='ocrx_word' id='word_1_276' title='bbox 576 2312 773 2356; x_wconf 53' lang='lat' dir='ltr'>salemque</span> <span class='ocrx_word' id='word_1_277' title='bbox 786 2313 893 2347; x_wconf 75' lang='lat' dir='ltr'>odere</span> <span class='ocrx_word' id='word_1_278' title='bbox 909 2311 1068 2356; x_wconf 65' lang='lat' dir='ltr'>Sibyllae,</span> 
     </span>
    </p>

    <p class='ocr_par' dir='ltr' id='par_1_15' title="bbox 182 2363 1115 2410">
     <span class='ocr_line' id='line_1_43' title="bbox 182 2363 1115 2410; baseline 0 -12"><span class='ocrx_word' id='word_1_279' title='bbox 182 2363 254 2398; x_wconf 76' lang='lat' dir='ltr'>nic</span> <span class='ocrx_word' id='word_1_280' title='bbox 268 2365 338 2398; x_wconf 80' lang='lat' dir='ltr'>tibi</span> <span class='ocrx_word' id='word_1_281' title='bbox 356 2376 402 2399; x_wconf 86' lang='lat' dir='ltr'>ne</span> <span class='ocrx_word' id='word_1_282' title='bbox 422 2377 494 2409; x_wconf 85' lang='lat' dir='ltr'>qua</span> <span class='ocrx_word' id='word_1_283' title='bbox 514 2377 623 2399; x_wconf 65' lang='lat' dir='ltr'>morte</span> <span class='ocrx_word' id='word_1_284' title='bbox 642 2366 780 2399; x_wconf 82' lang='lat' dir='ltr'>fuerint</span> <span class='ocrx_word' id='word_1_285' title='bbox 800 2365 989 2410; x_wconf 84' lang='lat' dir='ltr'>dispendia</span> <span class='ocrx_word' id='word_1_286' title='bbox 1007 2364 1115 2409; x_wconf 81' lang='lat' dir='ltr'>tanti,</span> 
     </span>
    </p>
   </div>
   <div class='ocr_carea' id='block_1_5' title="bbox 1336 101 1388 135">
    <p class='ocr_par' dir='ltr' id='par_1_16' title="bbox 1336 101 1388 135">
     <span class='ocr_line' id='line_1_44' title="bbox 1336 101 1388 135; baseline 0.019 -1"><span class='ocrx_word' id='word_1_287' title='bbox 1336 101 1388 135; x_wconf 63' lang='grc'>41)</span> 
     </span>
    </p>
   </div>
   <div class='ocr_carea' id='block_1_6' title="bbox 1350 352 1390 372">
    <p class='ocr_par' dir='ltr' id='par_1_17' title="bbox 1350 352 1390 372">
     <span class='ocr_line' id='line_1_45' title="bbox 1350 352 1390 372; baseline 0 0"><span class='ocrx_word' id='word_1_288' title='bbox 1350 352 1390 372; x_wconf 56' lang='lat'>⁴112]</span> 
     </span>
    </p>
   </div>
   <div class='ocr_carea' id='block_1_7' title="bbox 1349 616 1389 637">
    <p class='ocr_par' dir='ltr' id='par_1_18' title="bbox 1349 616 1389 637">
     <span class='ocr_line' id='line_1_46' title="bbox 1349 616 1389 637; baseline 0.025 -1"><span class='ocrx_word' id='word_1_289' title='bbox 1349 616 1376 637; x_wconf 62' lang='lat'>42</span> <span class='ocrx_word' id='word_1_290' title='bbox 1379 617 1389 637; x_wconf 74' lang='grc' dir='ltr'>ι]</span> 
     </span>
    </p>
   </div>
   <div class='ocr_carea' id='block_1_8' title="bbox 1349 881 1390 902">
    <p class='ocr_par' dir='ltr' id='par_1_19' title="bbox 1349 881 1390 902">
     <span class='ocr_line' id='line_1_47' title="bbox 1349 881 1390 902; baseline 0.024 -1"><span class='ocrx_word' id='word_1_291' title='bbox 1349 881 1390 902; x_wconf 72' lang='lat'>42⁵</span> 
     </span>
    </p>
   </div>
   <div class='ocr_carea' id='block_1_9' title="bbox 1349 1464 1388 1484">
    <p class='ocr_par' dir='ltr' id='par_1_20' title="bbox 1349 1464 1388 1484">
     <span class='ocr_line' id='line_1_48' title="bbox 1349 1464 1388 1484; baseline -0.026 0"><span class='ocrx_word' id='word_1_292' title='bbox 1349 1464 1388 1484; x_wconf 56' lang='lat'>⁴35</span> 
     </span>
    </p>
   </div>
   <div class='ocr_carea' id='block_1_10' title="bbox 1350 1675 1391 1695">
    <p class='ocr_par' dir='ltr' id='par_1_21' title="bbox 1350 1675 1391 1695">
     <span class='ocr_line' id='line_1_49' title="bbox 1350 1675 1391 1695; baseline 0 0"><span class='ocrx_word' id='word_1_293' title='bbox 1350 1675 1391 1695; x_wconf 66' lang='lat'>44⁴]</span> 
     </span>
    </p>
   </div>
   <div class='ocr_carea' id='block_1_11' title="bbox 1351 1941 1390 1960">
    <p class='ocr_par' dir='ltr' id='par_1_22' title="bbox 1351 1941 1390 1960">
     <span class='ocr_line' id='line_1_50' title="bbox 1351 1941 1390 1960; baseline 0 -1"><span class='ocrx_word' id='word_1_294' title='bbox 1351 1941 1390 1960; x_wconf 62' lang='lat'>4⁴51</span> 
     </span>
    </p>
   </div>
  </div>
 </body>
</html>
