1528 2569
634 111 766 138 LIBER
797 117 828 141 V.

186 197 358 232 Exsultat
377 197 505 241 fidens,
527 197 558 231 si
576 209 674 232 nunc
691 198 787 232 foret
803 196 866 231 illa
880 197 1048 241 juventa,

185 251 300 285 Haud
319 251 488 295 equidem
506 250 623 295 pretio
642 251 814 285 inductus
833 250 1057 295 pulchroque
1073 250 1236 294 juvenco

185 304 378 338 Venissem
395 315 402 338 :
431 315 497 337 nec
516 304 612 338 dona
630 304 788 338 moror.''
845 304 903 337 Sic
922 303 1053 337 deinde
1070 304 1225 348 locutus,

183 356 230 391 In
248 357 412 391 medium
429 357 591 401 geminos
610 357 760 390 immani
778 356 936 401 pondere
956 359 1087 390 caestus

183 409 343 454 Projecit
365 423 371 444 :
401 410 533 454 quibus
552 422 633 444 acer
650 410 751 454 Eryx
769 410 808 443 in
826 410 951 453 praelia
969 413 1095 444 suetus

182 463 292 497 Ferre
310 475 472 506 manum,
495 463 661 507 duroque
679 463 869 496 intendere
887 463 1034 497 brachia
1052 466 1163 507 tergo.

184 516 413 560 Obstupuere
432 516 563 550 animi:
591 519 780 550 tantorum
798 516 962 560 ingentia
980 518 1120 560 septem

183 569 297 614 Terga
314 569 426 603 boum
444 569 594 613 plumbo
613 569 736 602 insuto
755 569 924 613 ferroque
942 569 1109 613 rigebant
1125 582 1135 611 ;

182 624 282 656 Ante
302 634 426 656 omnes
446 625 568 666 stupet
588 623 664 666 ipse
683 621 809 665 Dares,
831 621 1009 665 longeque
1028 625 1171 656 recusat
1188 635 1196 658 ε

182 675 513 719 Magnanimusque
535 674 770 708 Anchisiades
790 677 827 707 et
844 674 989 717 pondus
1009 677 1046 708 et
1064 675 1142 719 ipsa

181 727 268 762 Huc
285 728 372 762 illuc
390 728 593 762 vinclorum
611 728 788 761 immensa
806 727 994 761 volumina
1014 731 1140 762 versat.

181 781 275 815 Tum
294 781 412 815 senior
429 781 522 814 tales
540 780 717 814 referebat
735 782 879 824 pectore
898 791 1003 813 voces
1021 792 1028 815 ε

184 835 210 853 “
226 833 336 877 Quid,
358 834 388 867 si
407 834 488 878 quis
507 836 638 867 caestus
656 832 769 877 ipsius
788 835 825 866 et
845 833 1015 867 Herculis
1034 845 1134 868 arma

179 886 356 930 Vidisset,
377 887 593 930 tristemque
611 886 680 920 hoc
699 886 776 930 ipso
795 886 834 919 in
852 886 976 920 littore
994 898 1154 930 pugnam
1171 888 1184 922 '3

179 940 272 974 Haec
290 951 482 984 germanus
502 940 602 984 Eryx
621 940 806 983 quondam
824 943 912 973 tuus
931 951 1030 973 arma
1048 940 1205 983 gerebat.

181 993 363 1037 Sanguine
383 993 498 1026 cernis
517 993 635 1026 adhuc
653 1003 849 1036 sparsoque
867 992 1003 1026 infecta
1022 993 1174 1028 cerebro.

181 1045 251 1079 His
269 1057 442 1090 magnum
461 1046 616 1079 Alciden
636 1048 763 1079 contra
781 1045 904 1080 stetit:
933 1045 990 1079 his
1009 1057 1074 1089 ego
1093 1049 1230 1091 suetus,

180 1099 281 1132 Dum
299 1099 426 1132 melior
445 1099 538 1132 vires
557 1099 703 1142 sanguis
722 1098 844 1141 dabat,
867 1099 999 1132 aemula
1018 1099 1174 1133 necdum

180 1151 416 1196 Temporibus
434 1151 586 1195 geminis
606 1163 624 1185 c
637 1152 758 1184 «nebat
777 1163 899 1195 sparsa
918 1154 1093 1186 senectus.

180 1204 252 1238 Sed
271 1205 300 1238 si
319 1208 444 1238 nostra
462 1205 576 1238 Dares
594 1205 672 1238 haec
691 1204 818 1237 Troius
837 1216 937 1238 arma
955 1208 1109 1247 recusat,

179 1257 297 1301 quue
316 1258 376 1302 pio
395 1258 496 1291 sedet
517 1258 658 1300 EEneae,
680 1257 809 1301 probat
828 1260 954 1291 auctor
972 1261 1131 1300 Acestes,

180 1310 387 1354 AEquemus
405 1322 565 1354 pugnas:
595 1310 721 1354 Erycis
739 1310 808 1343 tibi
827 1313 928 1354 terga
946 1310 1114 1352 remitt03

181 1363 286 1397 Solve
307 1366 427 1397 metus
445 1376 451 1398 :
481 1366 518 1397 et
537 1366 579 1397 tu
601 1363 774 1407 Trojanos
793 1375 886 1396 exue
906 1363 1074 1398 caestus”

179 1415 271 1450 Haec
289 1417 401 1460 fatus,
423 1416 604 1460 duplicem
623 1428 669 1449 ex
688 1415 848 1449 humeris
868 1416 1000 1460 dejecit
1019 1416 1213 1460 amictum3

177 1469 227 1503 Et
246 1480 395 1513 magnos
413 1469 658 1502 membrorum
677 1471 790 1512 artus,
813 1480 944 1512 magna
963 1480 1054 1512 ossa,
1076 1470 1303 1515 lacertosque

177 1521 303 1565 Exuit,
326 1524 436 1566 atque
456 1521 583 1565 ingens
603 1521 723 1555 media
741 1522 906 1555 consistit
925 1524 1044 1556 arena.

230 1575 323 1608 Tum
342 1578 442 1609 satus
464 1574 624 1609 Anchisa
643 1578 773 1608 eaestus
792 1578 895 1618 pater
914 1575 1048 1609 extulit
1067 1587 1205 1621 aequOS‚

176 1627 226 1662 Et
244 1628 392 1672 paribus
409 1628 548 1672 palmus
566 1627 756 1661 amborum
776 1628 945 1661 innexuit
964 1628 1082 1663 armis.

176 1681 352 1715 Constitit
370 1681 409 1714 in
428 1681 561 1725 digitos
580 1681 765 1724 extemplo
783 1684 944 1714 arrectus
963 1684 1130 1725 uterque,

176 1733 404 1778 Brachiaque
423 1734 470 1767 ad
489 1745 636 1777 superas
654 1733 843 1767 interritus
863 1734 997 1767 extulit
1017 1746 1132 1769 auras.

176 1787 375 1820 Abduxere
392 1789 488 1820 retro
507 1786 614 1830 longe
635 1787 753 1830 capita
773 1787 886 1820 ardua
904 1786 950 1820 ab
968 1787 1045 1820 ictu
1062 1800 1071 1829 ;

175 1839 461 1883 Immiscentque
480 1851 609 1872 manus
628 1838 807 1882 manibus,
830 1850 1062 1883 pugnamque
1080 1840 1284 1876 lacessunt:

176 1891 258 1935 Ille,
280 1892 415 1936 pedmn
435 1891 562 1925 melior
580 1894 696 1935 motu,
719 1892 907 1935 fretusque
922 1892 1079 1936 juventa
1095 1906 1103 1934 ;

175 1943 263 1988 Hic,
284 1944 456 1978 membris
475 1947 512 1978 et
531 1945 626 1978 mole
644 1945 768 1978 valens
788 1957 798 1986 ;
826 1944 890 1978 sed
908 1945 1013 1978 tarda
1032 1944 1206 1980 trementi

177 1997 307 2031 Genua
325 1997 463 2040 labant,
485 2000 607 2031 vastos
627 1997 746 2041 quatit
766 2008 861 2041 aeger
880 1997 1063 2032 anhelitus
1082 2001 1193 2033 artus.

175 2050 300 2084 Multa
318 2050 388 2083 viri
405 2050 650 2094 nsquicquam
669 2050 766 2083 inter
785 2062 821 2083 se
841 2050 993 2084 vulnera
1006 2051 1171 2094 jactant3

175 2102 298 2137 Multa
317 2114 405 2137 cavo
425 2103 531 2137 lateri
549 2103 790 2147 ingeminant,
812 2106 849 2137 et
867 2106 1012 2147 pectore
1032 2107 1153 2138 vastos

174 2155 277 2190 Dant
296 2156 457 2197 sonitus;
487 2159 654 2200 erratque
674 2167 778 2189 aures
797 2158 833 2189 et
852 2159 1017 2200 tempora
1035 2157 1170 2191 circum

175 2208 307 2242 Crebra
326 2220 457 2242 manus
474 2222 483 2250 3
511 2209 604 2242 duro
623 2209 803 2252 crepitant
822 2209 889 2242 sub
908 2209 1058 2243 vulnere
1077 2210 1191 2245 malae.

175 2260 257 2295 Stat
275 2261 395 2305 gravis
413 2262 594 2305 Entellus,
616 2262 771 2305 nisuque
789 2261 963 2296 immotus
982 2263 1109 2296 eodem

175 2313 331 2358 Corpore
350 2315 423 2348 tela
442 2314 551 2348 modo
571 2317 681 2358 atque
701 2315 813 2348 oculis
832 2315 1067 2358 vigilantibus
1087 2316 1171 2350 exit.

174 2366 256 2411 Ille,
280 2367 381 2401 velut
401 2367 531 2402 celsam
551 2370 737 2412 oppugnat
757 2368 820 2412 qui
840 2368 995 2402 molibus
1015 2368 1155 2412 urbem,

1356 304 1396 324 ⁴100

1355 568 1396 589 405

1354 834 1395 855 410

1354 1100 1393 1119 415

1352 1364 1390 1384 420

1351 1629 1392 1650 425

1351 1893 1391 1913 4:50

1351 2157 1391 2177 43⁵
