1559 2584
137 54 220 92 202

632 66 818 95 VIRGILII
845 68 1002 97 AENEIS.

243 150 418 187 Hectoris
437 152 641 197 AEneaeque
659 164 772 188 manu
790 154 942 189 victoria
961 155 1112 190 Graium

244 203 377 248 Haesit,
399 207 436 238 et
454 205 493 238 in
511 205 693 239 decimum
711 207 864 251 vestigia
881 208 1009 242 retulit
1027 220 1165 242 annum
1183 221 1190 244 z

243 257 364 291 Ambo
383 257 525 301 animis,
547 258 653 292 ambo
671 259 830 303 insignes
849 261 1107 303 praestantibus
1125 262 1234 296 armis
1250 275 1259 304 ;

245 309 318 343 Hic
338 311 475 354 pietate
493 310 600 354 prior.
662 311 800 346 Coeant
818 313 858 346 in
876 313 1016 347 foedera
1035 314 1188 358 dextrae,

245 362 326 403 Qua
345 362 455 397 datur
474 376 481 405 ;
511 366 577 407 ast,
601 364 710 398 armis
729 369 946 399 concurrant
965 378 1076 411 arma,
1097 366 1247 402 cavete.'

244 415 293 448 Et
312 427 483 460 responsa
501 417 610 450 simul
629 429 711 461 quae
731 418 816 461 sint,
838 430 903 451 rex
922 419 1068 462 optime,
1092 420 1186 464 regis

243 468 405 511 Audisti,
428 472 465 502 et
485 481 567 513 quae
587 469 634 503 sit
652 481 783 514 magno
802 472 985 505 sententia
1002 472 1135 506 bello.''

243 520 319 554 Vix
340 533 382 555 ea
400 522 510 565 legati
527 535 535 564 ;
565 523 759 567 variusque
778 536 841 567 per
860 536 922 558 ora
941 525 1100 558 cucurrit

243 574 475 608 Ausonidum
494 575 642 609 turbata
660 576 794 610 fremor
811 589 817 611 :
847 588 913 610 ceu
932 589 1019 611 saxa
1037 580 1227 611 morantur

244 626 368 667 Quum
386 628 532 671 rapidos
551 639 687 672 amneS,
710 629 832 663 clauso
852 629 894 662 fit
913 630 1056 674 gurgite
1075 642 1253 674 murmur,

243 678 458 724 Vicinaeque
477 681 641 715 fremunt
658 682 747 725 ripae
765 682 1028 726 crepitantibus
1047 683 1165 717 undis.

243 731 297 766 Ut
315 733 474 777 primum
492 734 626 778 placati
644 735 769 778 animi,
792 738 828 768 et
847 736 990 779 trepida
1009 747 1071 769 ora
1091 736 1275 780 quierunt,

242 785 425 819 Praefatus
444 787 559 820 Divos
578 787 667 821 solia
685 799 751 820 rex
767 788 851 821 infit
870 788 915 821 ab
935 789 1028 823 alto:

245 838 382 872 “Ante
398 840 567 883 equidem
587 843 729 874 summa
748 840 793 875 de
811 852 850 875 re
869 842 1051 884 statuisse,
1073 841 1209 886 Latini,

241 890 291 925 Et
309 892 453 935 vellem,
475 895 512 926 et
530 892 649 927 fuerat
668 893 798 927 melius
818 907 825 935 3
854 906 928 927 non
946 897 1110 938 tempore
1129 895 1196 928 tali

242 944 377 988 Cogere
394 945 598 989 concilium,
621 957 735 990 quum
755 958 878 981 muros
897 947 1039 980 obsidet
1059 947 1182 981 hostis.

241 996 387 1031 Bellum
406 998 671 1042 importunum,
694 999 802 1042 cives,
824 1011 907 1033 cum
925 1002 1032 1043 gente
1052 1000 1214 1034 Deorum

242 1049 469 1095 Invictisque
488 1051 574 1084 viris
593 1051 751 1095 gerimus
771 1065 779 1093 ;
808 1063 899 1095 quos
918 1053 1020 1086 nulla
1038 1053 1195 1097 fatigant

242 1102 386 1146 Praelia,
408 1115 475 1137 nec
494 1103 581 1137 victi
600 1107 753 1147 possunt
772 1105 945 1139 absistere
963 1106 1068 1140 ferro.

241 1156 350 1199 Spem
368 1157 399 1190 si
418 1168 528 1200 quam
547 1157 671 1190 accitis
690 1157 858 1191 AEtolsim
877 1158 1056 1192 habuistis
1075 1158 1114 1191 in
1133 1158 1254 1202 armis,

1417 207 1461 229 29⁰

1418 471 1461 492 295

1417 735 1460 755 300

1416 998 1459 1019 ³05

241 1208 394 1244 Ponite:
415 1221 495 1253 spes
514 1210 582 1243 sibi
601 1210 776 1254 quisque;
796 1211 871 1254 sed,
889 1211 967 1245 haec
982 1223 1093 1254 quam
1111 1214 1277 1255 angusta,
1296 1213 1438 1248 videtis,

242 1261 371 1296 Cetera
390 1264 463 1306 qua
480 1275 602 1296 rerum
617 1263 763 1307 jaceant
781 1264 946 1308 perculsa
964 1264 1085 1308 ruina,

241 1315 341 1349 Ante
360 1316 484 1350 oculos
502 1316 671 1360 interque
691 1327 820 1350 manus
841 1319 928 1350 sunt
947 1317 1069 1351 omnia
1088 1319 1227 1352 vestras

241 1367 280 1401 N
283 1380 322 1402 ec
341 1380 563 1413 quemquam
581 1369 706 1403 incuso
727 1382 734 1404 ε
762 1370 884 1413 potuit
905 1381 988 1414 quae
1006 1370 1163 1414 plurima
1181 1370 1298 1405 virtus

240 1420 341 1464 Esse,
364 1422 435 1455 fuit
455 1434 462 1456 ε
491 1425 571 1456 toto
591 1424 771 1456 certatum
790 1425 845 1456 est
863 1434 1009 1467 corpore
1028 1423 1139 1467 regni.

240 1474 354 1508 Nunc
373 1475 476 1518 adeo,
499 1487 581 1519 quae
602 1476 649 1508 sit
668 1475 789 1509 dubiae
809 1476 994 1510 sententia
1012 1476 1140 1519 menti,

239 1527 455 1571 Exped³am,
478 1531 515 1561 et
534 1528 657 1572 paucis
678 1528 832 1572 (animos
850 1528 1034 1573 adhibete)
1055 1529 1202 1564 docebo,

239 1579 307 1614 Est
326 1581 500 1624 antiquus
519 1592 616 1625 ager,
639 1581 754 1614 Tusco
773 1581 864 1614 mihi
882 1581 1069 1625 proximus
1088 1581 1199 1625 anmi,

239 1633 387 1677 Longus
406 1633 443 1667 in
464 1645 643 1677 occasum,
666 1634 756 1667 fines
775 1645 883 1678 super
902 1646 1017 1678 usque
1037 1634 1185 1668 Sicanos
1206 1647 1214 1669 z

238 1686 405 1720 Aurunci
424 1687 629 1730 Rutulique
649 1689 788 1730 serunt,
806 1689 843 1720 et
861 1698 1006 1720 vomere
1025 1687 1136 1720 duros

240 1739 423 1773 Exercent
442 1740 563 1783 colles,
586 1742 697 1783 atque
716 1739 847 1773 horum
866 1739 1063 1783 asperrima
1081 1741 1246 1783 pascunt.

239 1791 332 1826 Haec
351 1792 469 1826 omnis
488 1793 598 1836 regio,
621 1795 658 1826 et
678 1793 764 1826 celsi
782 1793 888 1837 plaga
906 1793 1014 1836 pinea
1031 1793 1168 1826 montis

240 1845 355 1879 Cedat
374 1845 544 1879 amicitiae
565 1845 787 1880 Teucrorum
804 1858 812 1887 ;
841 1848 878 1879 et
898 1845 1046 1879 foederis
1066 1856 1190 1890 aequas

238 1898 412 1932 Dicamus
430 1898 539 1942 leges,
561 1899 748 1943 sociosque
767 1899 806 1932 in
824 1910 935 1942 regna
953 1909 1145 1932 vocemus:

239 1950 453 1995 Oonsidant,
476 1951 507 1985 si
524 1954 651 1985 tantus
671 1963 783 1995 amor,
806 1954 844 1985 et
862 1951 999 1985 moenia
1018 1951 1198 1986 condant:

239 2004 304 2038 Sin
324 2004 414 2038 alios
433 2004 523 2038 fines
542 2004 723 2049 aliamque
744 2016 926 2048 capessere
945 2006 1091 2048 gentem

238 2056 306 2091 Est
325 2057 481 2101 animus,
503 2060 731 2102 poscuntque
752 2057 828 2091 solo
848 2057 1022 2091 decedere
1041 2059 1180 2100 nostro,

238 2109 303 2144 Bis
322 2111 435 2145 denas
454 2110 550 2144 Italo
569 2112 738 2144 texamus
756 2110 884 2144 robore
903 2121 1027 2153 naves,

238 2162 311 2196 Seu
329 2163 451 2207 plures
470 2163 650 2208 complere
669 2164 814 2197 valent:
839 2163 939 2207 jacet
958 2162 1076 2196 omnis
1094 2161 1141 2195 ad
1161 2161 1298 2196 undam

239 2215 435 2251 Materies:
465 2216 535 2260 ipsi
554 2227 821 2260 numerumque
840 2215 1063 2259 modumque
1083 2214 1214 2248 carinis

237 2267 459 2313 Praecipiant
476 2281 484 2310 ;
513 2280 580 2303 nos
599 2280 683 2312 aera,
704 2280 848 2312 manus,
869 2267 1013 2302 navalia
1031 2267 1170 2301 demus.

238 2321 435 2365 Praeterea,
458 2321 523 2366 qui
541 2321 641 2356 dicta
659 2321 780 2356 ferant
800 2324 837 2356 et
856 2321 996 2355 foedera
1014 2320 1173 2364 firment,

1416 1264 1458 1284 ³10

1417 1526 1459 1548 ³15

1416 1790 1460 1812 320

1416 2055 1459 2076 325

1419 2317 1461 2338 ‘¹30
