1559 2584
123 88 178 126 42

597 98 781 127 VIRGILII
810 99 962 127 AENEIS.

228 184 287 218 Sic
305 184 415 229 fatus,
435 184 583 219 meritos
603 185 673 219 aris
692 185 868 219 mactavit
886 183 1041 220 honores
1059 199 1067 229 3

227 238 387 271 Taurum
405 237 582 281 Neptuno
597 252 605 281 3
632 240 781 271 taurum
799 238 880 281 tibi,
901 239 1052 282 pulcher
1070 239 1202 284 Apollo
1219 252 1228 282 ;

227 288 267 325 N
271 291 386 333 igram
405 290 532 324 Hiemi
549 291 738 335 pecudem,
761 291 937 335 Zephyris
955 292 1120 326 felicibus
1138 290 1270 327 albam.

281 343 396 377 Fama
414 341 528 386 volat,
550 343 698 391 pulsum
717 344 836 387 regnis
855 344 1000 377 cessisse
1014 345 1175 388 paternis

228 395 428 429 Idomenea
443 396 586 438 ducem,
609 396 826 440 desertaque
845 397 972 430 littora
991 397 1108 431 Cretae
1128 410 1137 439 ;

230 447 350 481 Hoste
368 460 495 482 vacare
515 448 653 492 domos,
676 449 851 493 sedesque
870 452 988 483 astare
1007 450 1161 484 relictas.

230 500 448 544 Linquimus
468 501 631 545 Ortygiae
650 505 790 545 portus,
812 502 1012 546 pelagoque
1032 503 1197 537 volamus
1217 517 1226 545 ;

229 553 523 598 Bacchatamque
538 554 638 598 jugis
657 555 806 598 Naxon,
830 555 1057 599 viridemque
1077 555 1277 600 Donysam,

230 606 398 650 Olearon,
421 607 639 651 niveamque
658 607 790 652 Paron,
812 619 1023 651 sparsasque
1042 620 1106 652 per
1125 620 1250 653 aequor

230 657 420 703 Cycladas,
443 662 480 693 et
499 660 633 693 crebris
652 660 806 704 legimus
824 661 918 694 freta
938 661 1078 694 concita
1095 662 1211 696 terris.

229 712 413 746 Nauticus
432 713 596 746 exoritur
613 714 713 747 vario
733 714 930 746 certamine
949 714 1084 747 clamor
1102 727 1110 755 ;

229 764 439 799 Hortantur
458 766 554 809 socii,
576 766 720 800 Cretam
740 778 965 810 proavosque
983 770 1160 811 petamus.

231 818 475 862 Prosequitur
494 830 644 862 surgens
664 831 684 853 a
703 820 818 863 puppi
836 822 970 852 ventus
989 822 1130 863 euntes,

229 870 280 904 Et
298 872 448 905 tandem
463 872 624 915 antiquis
644 871 820 905 Curetum
838 872 1033 905 allabimur
1051 872 1131 907 oris.

230 923 327 968 Ergo
346 925 476 958 avidus
495 936 618 957 muros
637 928 773 968 optatae
793 925 923 958 molior
941 925 1052 968 urbis,

229 977 536 1021 Perqameamque
554 989 644 1011 voco
661 990 670 1019 ;
699 980 735 1011 et
753 978 877 1011 laetam
896 978 1108 1021 cognomine
1125 982 1272 1022 gentem

229 1029 372 1065 Hortor
389 1042 510 1063 amare
528 1030 638 1073 focos,
660 1042 850 1073 arcemque
869 1031 1036 1064 attollere
1054 1031 1170 1066 tectis.

230 1082 390 1126 Jamque
410 1083 485 1116 fere
505 1083 599 1117 sicco
619 1083 810 1116 subductae
827 1083 952 1116 littore
971 1095 1111 1127 puppes
1127 1097 1136 1126 ;

231 1135 433 1169 Connubiis
452 1136 620 1179 arvisque
639 1136 744 1169 novis
764 1139 912 1179 operata
926 1136 1105 1180 juventus
1125 1149 1133 1178 3

228 1188 255 1222 J
258 1200 323 1221 ura
342 1188 542 1232 domosque
562 1189 693 1222 dabam
713 1202 722 1230 ;
751 1189 872 1222 subito
892 1200 1006 1232 quum
1025 1189 1151 1223 tabida
1168 1190 1352 1234 membris,

230 1241 412 1285 Corrupto
431 1242 513 1275 coeli
532 1244 663 1285 tractu,
683 1241 962 1285 miserandaque
982 1243 1083 1275 venit

230 1294 506 1338 Arboribusque
526 1293 686 1338 satisque
705 1295 796 1338 lues,
819 1297 856 1328 et
874 1295 996 1328 letifer
1014 1307 1143 1330 annus.

230 1347 466 1391 Linquebant
486 1348 610 1381 dulces
630 1348 780 1391 animas,
803 1350 868 1381 aut
888 1359 982 1391 aegra
997 1348 1194 1383 trahebant

230 1400 390 1445 Corpora
406 1413 415 1442 3
443 1403 525 1434 tum
546 1396 689 1434 steriles
705 1412 854 1434 exurere
875 1399 990 1434 Sirius
1010 1413 1113 1445 agros
1132 1414 1141 1442 ;

230 1453 396 1487 Arebant
415 1453 549 1496 herbae,
570 1456 607 1487 et
626 1453 766 1487 victum
786 1465 886 1498 seges
905 1465 1000 1498 aegra
1018 1455 1184 1498 negabat.

229 1506 372 1541 Rursus
392 1506 439 1539 ad
459 1506 617 1540 oraclum
639 1506 800 1550 Ortygiae
820 1507 1074 1551 Phoebumque
1093 1518 1257 1542 remenso

230 1559 414 1593 Hortatur
432 1562 536 1603 pater
554 1559 606 1592 ire
625 1559 728 1603 mari,
748 1559 966 1603 veniamque
985 1561 1124 1604 precari
1142 1573 1149 1595 :

232 1612 350 1652 Quem
370 1612 473 1645 fessis
492 1612 603 1646 finem,
621 1613 730 1646 rebus
748 1612 855 1656 ferat,
876 1613 976 1646 unde
995 1613 1161 1646 laborum

230 1665 386 1698 Tentare
405 1665 584 1698 auxilium
599 1665 742 1708 jubeat,
765 1677 838 1709 quo
855 1668 998 1699 vertere
1018 1677 1151 1700 cursus.

285 1718 373 1751 Nox
392 1721 481 1761 erat,
504 1721 541 1751 et
560 1719 665 1751 terris
684 1718 856 1751 animalia
875 1730 1023 1752 somnus
1042 1719 1201 1753 habebat
1221 1730 1230 1755 t

229 1771 374 1815 Effigies
393 1782 502 1805 sacrae
521 1771 670 1814 Divum,
693 1771 918 1818 Phrygiique
937 1772 1105 1815 Penates,

230 1823 330 1864 Quos
348 1835 491 1857 mecum
511 1836 532 1858 a
551 1824 671 1868 Troja‚
694 1824 895 1868 mediisque
914 1836 959 1858 ex
977 1824 1122 1868 ignibus
1140 1824 1254 1869 urbis,

229 1876 459 1919 Extuleram,
482 1877 550 1910 visi
570 1880 655 1910 ante
675 1877 798 1910 oculos
818 1879 934 1910 astare
949 1877 1108 1921 jacentis

229 1929 427 1973 Insomnis,
450 1930 570 1963 multo
589 1930 775 1963 manifesti
794 1930 933 1964 lumine
952 1943 959 1971 ;
989 1941 1061 1974 qua
1076 1942 1113 1964 se

230 1982 346 2016 Plena
366 1994 431 2029 per
449 1982 602 2017 insertas
615 1983 794 2016 fundebat
812 1983 901 2017 luna
920 1983 1097 2017 fenestras
1116 1995 1125 2019 z

230 2035 324 2069 Tum
342 2035 393 2069 510
411 2035 524 2079 affari,
547 2038 584 2069 et
603 2047 706 2069 curas
725 2036 782 2069 his
801 2036 944 2070 demere
963 2035 1071 2070 dictis
1089 2049 1095 2071 :

230 2088 255 2106 “
273 2088 379 2129 Quod
398 2088 469 2122 tibi
489 2088 609 2122 delato
630 2089 820 2132 Ortygiam
839 2089 1004 2123 dicturus
1027 2089 1156 2133 Apollo
1175 2091 1243 2134 est,

231 2139 305 2174 Hic
325 2141 424 2175 canit
443 2154 449 2175 :
479 2144 516 2175 et
536 2143 601 2175 tua
619 2153 697 2184 1105,
720 2153 776 2185 en,
793 2142 891 2176 ultro
911 2142 958 2175 ad
977 2142 1104 2176 limina
1122 2142 1249 2177 mittit.

228 2192 266 2226 N
271 2205 310 2227 os
329 2195 379 2237 te,
401 2194 589 2228 Dardania
607 2194 769 2238 incensa,
790 2197 929 2239 tuaque
948 2206 1048 2229 arma
1061 2195 1177 2230 secuti
1194 2208 1203 2237 ;

229 2245 309 2279 Nos
324 2247 510 2280 tumidum
529 2247 597 2280 sub
616 2250 653 2281 te
672 2247 852 2291 permensi
871 2247 1044 2282 classibus
1063 2259 1189 2292 aequor
1204 2260 1215 2290 ;

232 2297 337 2333 Idem
357 2302 531 2334 venturos
545 2300 717 2334 tollemus
736 2301 772 2334 in
794 2303 891 2335 astra
909 2302 1072 2344 nepotes,

229 2350 503 2396 Imperiumque
523 2353 606 2386 urbi
624 2353 792 2388 dabimus
810 2365 817 2388 :
846 2355 889 2388 tu
907 2353 1042 2388 moenia
1060 2353 1200 2399 magnis

1404 291 1444 312 12ss

1405 819 1446 840 130

1406 1083 1445 1103 ¹3⁵

1405 1346 1446 1367 1⁴0

1406 1611 1446 1632 145

1406 1876 1446 1896 15⁰

1404 2138 1444 2161 1⁶5
