1528 2569
676 77 811 104 LIBER
839 77 899 104 rx.
1367 67 1447 107 153

241 165 336 210 Ipse,
360 164 488 199 sedens
506 165 614 200 niveo
633 166 821 200 candentis
840 165 964 199 limine
983 165 1129 209 Phoebi,
1405 163 1448 188 ⁷²⁰

239 219 347 253 Dona
365 218 589 262 recognoscit
606 219 836 263 populorum,
858 221 1033 263 aptatque
1051 218 1215 263 superbis

240 271 414 305 Postibus
432 283 439 305 z
467 271 643 305 incedunt
662 272 770 305 victae
788 272 897 316 longo
915 271 1042 305 ordine
1060 275 1198 315 gentes,

241 323 359 364 Quam
379 323 487 358 variae
506 323 652 368 linguis,
674 324 803 358 habitu
820 327 898 358 tam
916 325 1027 358 vestis
1046 327 1083 358 et
1101 325 1218 359 armis.

239 376 313 410 Hic
332 376 544 410 Nomadum
563 389 689 421 genus,
712 380 749 410 et
768 377 962 411 discinctos
981 377 1162 411 Mulciber
1181 378 1302 422 Afros,

239 429 313 463 Hic
331 429 492 474 Lelegas,
516 429 708 474 Carasque,
731 430 1024 474 sagittiferosque
1043 430 1202 465 Gelonos

238 481 413 516 Finxerat
431 495 437 517 :
465 482 671 526 Euphrates
689 484 766 517 ibat
780 483 859 527 jam
878 483 1021 517 mollior
1038 484 1160 526 undis,

237 535 476 579 Extremique
495 535 686 569 hominum
706 536 855 580 Morini,
878 536 1102 580 Rhenusque
1120 537 1288 581 bicornis,

237 587 489 632 Indomitique
508 589 636 632 Dahae,
659 591 695 622 et
714 592 864 633 pontem
882 589 1093 633 indignatus
1111 590 1260 624 Araxes.

291 641 403 684 'l‘a‘ia‚
425 653 488 685 per
508 642 675 685 clypeum
695 642 866 685 Vulcani,
888 642 985 676 dona
1003 642 1164 686 parentis

237 693 409 737 Miratur,
431 706 625 738 rerumque
645 695 791 739 ignarus
810 694 968 738 imagine
986 694 1135 738 gaudet,

234 746 420 780 Attollens
438 747 590 781 humero
608 748 817 792 famamque
836 750 873 781 et
892 748 969 781 fata
986 750 1171 792 nepotum.

1403 428 1446 453 725

1404 691 1448 716 730

599 1007 914 1062 AENEIDO
929 1009 964 1062 S

562 1140 754 1180 LIBER
784 1140 1003 1181 NONUS.

235 1269 368 1302 ATQUE
387 1273 430 1296 ea
448 1262 592 1296 diversa
611 1262 756 1306 penitus
776 1262 864 1296 dum
883 1265 986 1307 parte
1004 1266 1194 1308 geruntur,

235 1315 325 1349 Irim
345 1316 390 1349 de
409 1316 500 1349 coelo
518 1315 618 1349 misit
637 1315 808 1351 Saturnia
826 1315 852 1349 J
854 1327 927 1349 uno

234 1368 422 1402 Audacem
441 1368 487 1402 ad
507 1368 679 1402 Turnum.
741 1368 839 1402 Luco
858 1371 939 1402 tum
959 1368 1052 1402 forte
1072 1368 1233 1412 parentis

234 1420 399 1455 Pilumni
418 1422 561 1455 Turnus
580 1424 719 1455 sacrata
737 1422 834 1455 valle
852 1422 1001 1455 sedebat
1018 1434 1027 1463 3

234 1475 295 1508 Ad
315 1486 424 1519 quem
443 1475 493 1508 sic
510 1486 612 1508 roseo
633 1475 892 1508 Thaumantias
912 1486 973 1508 ore
991 1475 1113 1508 locuta
1131 1478 1187 1509 est
1205 1488 1212 1510 :

239 1529 265 1546 “
279 1527 410 1571 Turne,
433 1528 531 1572 quod
551 1528 694 1572 optanti
713 1528 851 1561 Divum
869 1527 1082 1572 promittere
1101 1539 1209 1563 nemo

234 1580 411 1624 Auderet,
432 1581 614 1615 volvenda
632 1581 720 1624 dies,
743 1593 801 1624 en,
823 1581 951 1614 attulit
970 1581 1077 1615 ultro.

235 1633 385 1677 AEneas,
407 1634 508 1677 urbe,
530 1637 568 1668 et
587 1634 702 1678 sociis,
725 1637 762 1667 et
782 1635 892 1668 classe
911 1634 1050 1678 relicta,

235 1686 384 1730 Sceptra
402 1687 561 1721 Palatini
580 1687 774 1731 sedemque
793 1690 886 1731 petit
906 1687 1068 1721 Evandri
1085 1700 1094 1729 ;

235 1738 315 1773 Nec
333 1740 420 1773 satis
438 1753 445 1774 t
474 1743 654 1774 extremas
675 1740 827 1783 Corythi
845 1740 1050 1784 penetravit
1069 1740 1114 1774 ad
1134 1741 1241 1775 urbes
1258 1754 1267 1784 ;

234 1791 494 1837 Lydorumque
512 1804 674 1836 manum,
697 1793 863 1826 collectos
883 1796 1000 1826 armat
1018 1796 1186 1837 agrestes.

236 1844 334 1885 Quid
355 1846 528 1879 dubitas?
555 1857 653 1879 nunc
672 1849 816 1889 tempus
835 1857 959 1889 equos,
982 1857 1080 1879 nunc
1098 1858 1242 1890 poscere
1262 1858 1388 1881 currus
1404 1860 1412 1883 :

1415 1738 1441 1760 10

234 1898 379 1942 Rumpe
398 1910 516 1932 moras
535 1910 671 1942 omneS,
694 1901 730 1932 et
749 1899 898 1932 turbata
916 1899 1033 1942 arripe
1053 1900 1208 1934 castra.''

233 1951 338 1985 Dixit
357 1965 363 1986 :
393 1954 430 1985 et
449 1952 487 1985 in
507 1953 639 1985 coelum
658 1952 805 1995 paribus
824 1963 861 1985 se
881 1952 1031 1985 sustulit
1050 1952 1115 1985 alis
1132 1965 1140 1994 ;

231 2003 499 2049 Ingentemque
519 2006 607 2049 fuga
626 2005 740 2039 secuit
759 2005 827 2038 sub
846 2005 1006 2038 nubibus
1024 2016 1157 2039 arcum.

233 2058 395 2101 Agnovit
410 2058 570 2102 juvenis,
592 2057 827 2102 duplicesque
847 2058 893 2091 ad.
913 2058 1030 2091 sidera
1047 2058 1186 2102 palmas

232 2110 402 2154 Sustulit,
425 2122 465 2144 ac
484 2111 551 2144 tali
569 2111 771 2155 fugientem
790 2114 845 2145 est
863 2122 950 2145 voce
970 2114 1115 2145 secutus
1133 2124 1140 2145 ε

234 2164 260 2181 “
274 2163 337 2206 Iri,
359 2164 475 2198 decus
489 2164 580 2207 coeli,
606 2165 687 2208 quis
706 2167 743 2198 te
762 2164 853 2197 mihi
872 2164 1030 2198 nubibus
1049 2167 1168 2198 actam

229 2215 375 2250 Detulit
394 2217 432 2250 in
450 2220 565 2250 terras
580 2218 592 2251 2
618 2217 716 2251 unde
735 2217 813 2251 haec
831 2219 908 2251 tam
928 2217 1023 2251 clara
1040 2220 1190 2261 repente

231 2268 465 2312 Tempestas?
492 2270 654 2304 medium
674 2270 780 2304 video
789 2270 984 2304 discedere
1003 2271 1148 2314 coelum,

229 2320 474 2366 Palantesque
492 2323 575 2367 polo
594 2323 727 2357 stellas.
788 2323 928 2367 Sequor
945 2323 1067 2358 omina
1085 2325 1201 2368 tanta,

1414 2004 1440 2025 15

1247 2374 1314 2406 ΗΒ
