1528 2569
658 106 792 134 LIBER
821 107 877 135 IV.

217 192 273 228 Ac
291 193 405 237 velut,
427 205 564 228 annoso
583 195 743 229 validam
763 207 877 240 quum
895 195 1022 229 robore
1042 208 1215 239 quercum

218 247 345 291 Alpini
363 248 488 281 Boreae
507 259 605 282 nunc
624 248 720 292 hinc,
742 260 840 282 nunc
859 249 1004 282 flatibus
1022 248 1123 283 illinc

218 299 354 334 Emere
374 300 469 334 inte-r
489 312 525 334 se
545 304 697 344 certant,
719 301 749 335 it
769 302 913 345 stridor,
937 305 974 336 εὴ
992 302 1064 336 alte

219 354 468 387 Consternunt
486 356 621 387 terram
641 366 813 388 concusso
833 354 956 399 stipite
975 355 1121 389 frondes
1141 369 1150 398 3

218 406 303 451 Ipsa-
321 407 435 440 haeret
454 407 609 451 scopulis
626 420 634 448 ;
667 410 704 441 et
724 411 905 452 quantum
925 409 1058 442 vertice
1077 409 1123 442 ad
1143 420 1249 443 auras

220 460 420 503 AEtherias,
443 463 588 494 tantum
603 460 722 494 radice
741 461 780 494 in
798 461 948 495 Tartara
965 462 1106 496 tendit:

219 513 332 547 Haud
352 525 453 548 secus
472 513 625 547 assiduis
643 513 729 547 hinc
746 517 857 558 atque
876 514 962 548 ln'nc
979 515 1127 548 vocibus
1145 515 1252 549 heros

219 566 413 609 Tunditur,
436 569 473 600 et
492 578 624 610 magno
644 567 985 614 persentitwpectore
1005 579 1108 602 cm‘as
1127 581 1132 602 :

218 619 327 653 Mens
345 620 497 653 immota
515 622 639 653 manet
659 633 667 659 ;
695 620 864 663 lacrymae
883 620 1084 654 volvuntur
1101 621 1236 654 inanes.

272 673 364 706 Tum
385 684 469 706 vero
487 672 616 706 infelix
635 672 719 706 fatis
739 672 915 706 exterrita
933 673 1030 706 Dido

218 725 379 760 Mortem
399 728 478 759 orat
496 738 504 766 ;
532 725 645 759 taedet
665 725 747 759 coeli
766 736 927 759 convexa
945 726 1049 760 tueri.

220 779 300 820 Quo
319 778 433 822 magis
453 778 639 821 inceptum
659 781 818 822 peragat,
841 778 1031 822 lucemque
1051 779 1261 824 relinquat,⁴

219 831 338 875 Vidit,
360 831 590 865 thuricremis
610 843 724 875 quum
743 832 839 865 dona
857 832 1058 875 imponeret
1078 833 1160 875 aris,

220 885 473 929 (Horrendum
492 884 608 928 dictu)
628 885 753 918 latices
772 885 970 928 nigrescere
991 897 1119 928 sacros,

217 938 387 982 Fusaque
407 938 445 971 in
464 938 672 971 obscoenum
693 950 730 971 se
750 941 889 972 vertere
910 938 994 972 vina
1013 950 1185 973 cruorem.

220 991 303 1025 Hoc
321 991 440 1025 visum
460 991 565 1034 nulli,
589 1003 661 1024 non
681 991 750 1035 ipsi
769 992 878 1025 effata
897 991 1018 1026 sorori.

194 1047 198 1052 '
220 1043 403 1078 Praeterea
421 1045 493 1078 fuit
513 1044 550 1078 in
570 1044 676 1078 tectis
696 1044 741 1078 dc
761 1056 939 1078 marmore
957 1045 1137 1089 templiun

221 1098 395 1142 Conjugis
415 1097 569 1141 antiqui,
592 1097 683 1131 miro
702 1098 800 1141 quod
820 1097 956 1131 honore
977 1098 1129 1142 colebat,

221 1150 428 1184 Velleribus
447 1151 561 1184 niveis
581 1155 618 1184 ct
637 1151 732 1184 festa
751 1151 879 1184 fronde
898 1151 1103 1184 revinctum
1124 1163 1132 1186 z

220 1203 319 1238 Hinc
339 1204 504 1237 exaudiri
524 1215 629 1237 voces
648 1207 685 1237 et
706 1204 814 1237 verba
834 1204 998 1237 vocantis

220 1257 306 1291 Visa
328 1257 409 1301 viri,
431 1269 503 1291 nox
525 1269 639 1301 quum
657 1259 772 1290 terras
791 1257 942 1291 obscura
960 1260 1101 1291 teneret
1117 1270 1126 1300 ;

222 1310 377 1355 Solaque
397 1310 615 1344 culminibus
634 1310 738 1343 ferali
757 1310 914 1343 carmine
933 1310 1031 1344 bubo

222 1365 325 1408 Szepe
345 1363 459 1408 queri,
483 1366 519 1396 et
539 1364 664 1406 longas
683 1363 721 1396 in
741 1364 868 1396 fletum
888 1363 1019 1397 ducere
1037 1375 1143 1398 voces
1161 1377 1170 1407 ;

220 1416 417 1460 Multaque
435 1419 610 1460 praeterea
630 1419 754 1450 vatum
775 1416 949 1460 praedicta
967 1417 1111 1460 piorum

221 1470 387 1503 Terribili
405 1469 547 1503 monitu
567 1469 776 1503 horrificant
797 1483 805 1510 ;
833 1469 908 1513 agit
926 1470 1002 1513 ipse
1021 1470 1205 1504 furentem

221 1523 268 1557 In
287 1523 422 1557 somnis
440 1523 538 1556 ferus
558 1522 695 1556 AEneas
713 1536 720 1564 ;
750 1534 960 1567 semperque
980 1523 1139 1567 relinqui

221 1577 305 1611 Sola
324 1576 404 1620 sibi,
428 1587 568 1619 semper
587 1576 732 1620 longam
752 1576 965 1610 'nicomitata
983 1576 1131 1610 Videtur

220 1629 279 1664 Ire
298 1629 407 1672 viam,
430 1632 466 1663 et
486 1629 612 1673 Tyrios
631 1629 775 1663 deserta
795 1641 955 1673 quaerere
974 1632 1072 1664 terra
1092 1643 1098 1664 :

220 1683 467 1717 Eumenidum
486 1683 602 1716 veluti
621 1682 770 1716 demens
788 1683 890 1716 videt
908 1683 1052 1727 agmina
1070 1683 1270 1728 Pentheus,

221 1736 270 1770 Et
289 1736 401 1770 solem
419 1736 617 1780 geminum,
640 1740 677 1769 et
696 1735 858 1779 duplices
877 1747 914 1769 se
934 1737 1123 1770 ostendere
1144 1738 1284 1771 Thebas
1301 1750 1309 1780 ;

221 1790 299 1823 Aut
319 1789 628 1833 Agamemnonius
648 1789 763 1822 scenis
783 1789 941 1832 agitatus
962 1789 1119 1833 Orestes,

220 1843 413 1876 Armatam
432 1842 572 1875 facibus
591 1845 745 1875 matrem
765 1846 801 1874 et
821 1842 1049 1885 serpentibus
1068 1844 1156 1877 atris

223 1896 347 1937 Quum
366 1895 474 1939 fugit,
496 1895 716 1938 ultricesque
736 1894 863 1928 sedent
882 1895 920 1928 in
939 1895 1064 1929 limine
1083 1896 1192 1931 Dirze.

275 1949 383 1993 ErgO,
405 1948 469 1982 ubi
488 1948 653 1992 concepit
672 1948 801 1981 Furias
820 1948 941 1983 evicta
958 1948 1093 1992 dolore,

220 2002 464 2045 Decrevitque
483 2001 586 2044 mori,
608 2004 753 2045 tempus
772 2012 894 2035 secum
912 2001 991 2045 ipsa
1009 2003 1232 2047 modumque

220 2055 359 2099 Exigit,
382 2057 430 2098 et,
452 2057 621 2088 moestam
641 2054 748 2087 dictis
767 2066 931 2098 aggressa
951 2067 1120 2100 sororem,

221 2109 421 2143 Consilium
441 2108 549 2142 vultu
568 2108 671 2152 tegit,
694 2119 734 2141 ac
753 2119 854 2152 spem
872 2109 993 2142 fronte
1013 2112 1156 2143 serenat
1176 2122 1183 2144 :

225 2163 249 2180 “
266 2161 411 2204 Inveni,
433 2173 613 2205 germana,
636 2161 734 2194 viam
754 2161 908 2205 (gratare
928 2162 1067 2206 sorori),

222 2215 312 2256 Quae
331 2215 423 2248 mihi
441 2214 570 2248 reddat
591 2226 687 2257 eum,
708 2214 768 2248 vel
787 2226 829 2248 eo
848 2226 906 2248 me
927 2215 1044 2249 solvat
1064 2219 1257 2252 amantem.

222 2268 357 2302 Oceani
375 2269 485 2302 finem
501 2268 624 2312 juxta,
647 2268 832 2312 solemque
853 2268 1054 2312 cadentem,

221 2320 386 2355 Ultimus
407 2321 627 2366 AEthiopuni
646 2321 746 2355 locus
766 2324 820 2355 est
838 2334 846 2364 ;
875 2321 938 2355 ubi
957 2323 1137 2356 maximus
1158 2323 1262 2358 A'las

222 2374 340 2408 Axem
358 2375 510 2409 humero
529 2377 678 2419 torquet
698 2375 812 2409 stellis
832 2375 1044 2410 ardentibus
1064 2379 1203 2421 aptum.

1375 98 1424 135 (57

1387 407 1428 426 4⁴5

1388 673 1430 692 450

1391 1203 1433 1224 400

1392 1469 1434 1490 ⁴55

1393 1736 1435 1759 470

1394 2268 1436 2289 ⁴8⁰
