1559 2584
573 88 761 115 VIRGILII
790 86 945 115 AENEIS.

207 174 235 209 J
236 186 295 209 am
312 174 467 209 flammae
484 174 652 218 tulerint,
672 174 841 208 inimicus
860 177 897 208 et
916 174 1076 209 hauserit
1095 174 1200 210 ensis.
1373 171 1415 194 ⁶⁰⁰

208 228 296 262 Non
314 227 384 261 tibi
402 227 621 272 Tyndaridis
638 227 748 261 facies
765 227 884 262 invisa
902 227 1077 272 Lacaenae,

209 281 431 324 Culpatusve
450 280 554 313 Paris
571 292 578 315 :
606 279 744 314 Divum
763 280 1008 324 inclementia,
1028 280 1168 315 Divum

208 333 289 367 Has
308 333 439 367 evertit
457 344 543 376 opes
561 333 764 377 sternitque
783 345 804 367 a
823 333 980 367 culmine
997 333 1153 377 Trojam.

207 386 339 430 Aspice
359 398 366 420 ε
395 397 553 429 namque
573 397 730 428 omnem,
753 396 836 430 quae
854 397 954 419 nunc
972 386 1131 420 obducta
1147 386 1271 422 tuenti

208 439 386 472 Mortales
404 438 553 472 hebetat
571 438 670 472 visus
688 438 758 472 tibi
776 441 813 472 et
831 438 984 472 humida
1002 438 1138 473 circum
1376 436 1418 457 ⁶⁰⁵

208 490 360 535 Oaligat,
382 491 518 525 nubem
536 491 686 535 eripiam
702 503 710 526 t
737 493 781 525 tu
799 503 845 525 ne
866 503 938 536 qua
955 492 1116 535 parentis

207 544 235 578 J
236 556 320 578 ussa
336 544 439 587 time,
460 556 533 578 neu
551 545 740 588 praeceptis
758 556 882 588 parere
900 556 1038 579 recusa.

208 597 294 640 Hic,
315 597 381 631 ubi
399 597 568 641 disjectas
582 597 708 640 moles,
729 597 927 641 avulsaque
946 597 1043 631 saxis

210 650 306 684 Saxa
324 650 437 694 vides,
459 650 649 694 mixtoque
668 650 870 684 undantem
889 651 1037 694 pulvere
1055 650 1211 695 sumum,

208 703 408 747 Neptunus
427 715 563 747 muros,
584 715 790 748 magnoque
809 706 930 737 emota
947 703 1101 737 tridenti
1380 700 1422 721 ⁶¹⁰

208 756 465 790 Fundamenta
484 757 617 801 quatit,
638 759 828 801 totamque
848 769 869 790 a
887 757 1032 790 sedibus
1052 757 1179 790 urbem

209 809 317 843 Eruit
335 822 342 844 ε
371 809 429 842 hic
448 809 474 843 J
476 821 549 843 uuo
570 809 686 844 Scaeas
704 810 901 844 saevissima
919 813 1042 854 portas

209 861 335 896 Prima
352 865 467 905 tenet,
490 863 698 907 sociumque
718 863 842 897 furens
861 875 883 897 a
901 863 1056 896 navibus
1074 873 1205 906 agmen

208 914 320 949 Ferro
339 916 500 949 accincta
518 919 633 950 vocat.

209 968 236 1001 J
238 980 297 1002 am
316 980 474 1002 summas
493 980 590 1002 arces
609 969 783 1011 Tritonia,
804 969 952 1013 respice,
975 969 1097 1002 Pallas
1381 964 1423 985 ⁶¹⁵

211 1020 365 1063 Insedit,
388 1021 513 1054 nimbo
533 1021 707 1065 effulgens
727 1024 764 1055 et
786 1021 952 1065 Gorgone
973 1023 1078 1055 saeva.

210 1073 294 1118 Ipse
313 1074 424 1107 Pater
443 1074 580 1108 Danais
599 1075 739 1108 animos
757 1074 925 1118 viresque
945 1074 1123 1107 secundas

212 1127 351 1161 Sufficit
369 1140 375 1161 :
405 1127 481 1171 ipse
500 1127 597 1161 Deos
616 1128 654 1160 in
674 1127 846 1161 Dardana
865 1127 1017 1160 suscitat
1036 1138 1144 1160 arma.

211 1180 333 1224 Eripe,
356 1183 454 1223 nate,
475 1181 612 1224 fugam,
636 1180 817 1224 finemque
836 1181 982 1224 impone
1000 1180 1124 1213 labori.

212 1232 409 1277 Nusquam
428 1233 548 1277 abero,
571 1235 608 1267 et
626 1236 752 1267 tutum
772 1233 890 1277 patrio
907 1235 945 1266 te
965 1233 1089 1266 limine
1109 1231 1271 1266 sisbamfl
1354 1246 1357 1248 ·
1383 1229 1426 1249 ⁸²⁰

210 1285 376 1330 Dixerat,
399 1289 436 1320 et
455 1286 577 1330 spissis
595 1287 711 1320 noctis
731 1299 768 1319 se
788 1286 952 1319 condidit
970 1285 1118 1319 umbris.

212 1339 402 1383 Apparent
421 1339 510 1373 dirae
529 1339 650 1382 facies,
672 1339 890 1383 inimicaque
909 1338 1026 1383 Trojae

212 1392 379 1426 Numina
396 1404 527 1436 magna
544 1393 677 1427 Deum.

269 1446 363 1479 Tum
380 1457 466 1479 vero
486 1457 592 1479 omne
612 1445 702 1478 mihi
721 1446 840 1479 visum
860 1445 1045 1479 considere
1064 1444 1103 1478 in
1121 1444 1222 1488 ignes

214 1498 339 1542 Ilium,
362 1500 399 1532 et
417 1510 463 1531 ex
482 1499 556 1531 imo
575 1499 669 1531 verti
689 1498 880 1542 Neptunia
898 1498 1015 1542 Troja.
1385 1494 1427 1514 ⁶²⁵

214 1552 282 1594 Ac,
305 1551 420 1585 veluti
438 1551 588 1585 summis
607 1551 796 1595 antiquam
815 1552 854 1584 in
872 1551 1059 1584 montibus
1078 1561 1209 1584 ornum

218 1604 342 1645 Quum
360 1605 456 1637 ferro
476 1604 628 1637 accisam
648 1604 852 1648 crebrisque
871 1603 1090 1647 bipennibus
1109 1603 1250 1636 instant

215 1657 352 1690 Eruere
371 1657 535 1701 agricolae
555 1657 742 1697 certatim;
769 1657 833 1690 illa
851 1668 966 1700 usque
985 1657 1158 1699 minatur,

217 1710 266 1743 Et
285 1710 499 1743 tremefacta
519 1721 659 1743 comam
678 1721 851 1743 concusso
869 1709 1005 1743 vertice
1024 1711 1134 1742 nutat
1154 1720 1162 1742 :

217 1762 444 1796 Vulneribus
463 1763 578 1796 donec
598 1763 775 1806 paulatim
794 1763 924 1805 evicta,
946 1772 1156 1806 supremum
1388 1758 1430 1780 ‘³⁰

219 1815 450 1859 Congemuit,
472 1816 658 1860 traxitque
674 1815 775 1859 jugis
794 1816 921 1849 avulsa
939 1816 1092 1848 ruinam.

218 1868 421 1911 Descendo,
444 1880 497 1911 ac,
519 1868 676 1902 ducente
695 1868 786 1911 Deo,
808 1869 993 1902 flammam
1011 1867 1108 1901 inter
1121 1868 1160 1901 et
1176 1867 1300 1901 hostes

216 1921 403 1965 Expedior
418 1934 427 1963 ;
456 1921 546 1955 dant
564 1921 640 1955 tela
658 1921 790 1964 locum,
812 1922 1042 1964 flammaeque
1060 1920 1247 1955 recedunt.

217 1974 288 2008 Ast
306 1974 370 2008 ubi
385 1975 463 2018 jam
481 1974 610 2018 patriae
628 1977 846 2018 perventum
865 1974 911 2007 ad
930 1974 1057 2007 limina
1076 1972 1184 2016 sedis,

218 2027 476 2071 Antiquasque
496 2027 633 2070 domos,
656 2027 811 2071 genitor,
834 2039 943 2072 quem
961 2026 1088 2060 tollere
1107 2026 1145 2059 in
1165 2025 1259 2059 altos
1392 2024 1434 2044 ‘5³⁵

218 2080 400 2124 Optabam
418 2080 577 2124 primum
595 2083 751 2123 montes,
772 2080 1004 2124 primumque
1022 2079 1203 2123 petebam,

218 2132 389 2176 Abnegat
409 2133 531 2166 excisa
549 2133 664 2166 vitam
683 2133 884 2176 producere
904 2132 1025 2176 Troja,

219 2185 474 2230 Exsiliumque
493 2186 581 2230 pati.
647 2185 758 2219 “Vos
777 2197 810 2229 o,
834 2185 968 2229 quibus
986 2185 1127 2228 integer
1146 2182 1216 2217 aevi

221 2237 412 2281 Sanguis‚''
432 2239 497 2281 ait,
523 2238 754 2282 “solidaeque
774 2249 839 2272 suo
859 2240 959 2271 stant
978 2237 1104 2271 robore
1123 2236 1217 2270 vires
1237 2248 1246 2278 ;

221 2289 298 2324 Vos
318 2291 453 2334 agitate
473 2292 605 2335 fugam.
1394 2286 1433 2307 ⁶4⁰

221 2342 285 2376 Me
305 2343 335 2376 si
353 2343 524 2378 coelicolae
545 2343 745 2378 voluissent
765 2344 896 2378 ducere
917 2342 1043 2385 vitam,
