1528 2569
673 102 808 131 LIBER
838 76 929 130 vm.

256 186 424 230 AEdibuS,
446 189 484 222 et
500 187 600 222 licito
617 190 768 223 tandem
786 200 950 223 sermone
968 187 1151 222 fruuntur.

254 241 337 274 Rex
354 240 452 284 prior
468 241 547 274 haec
566 253 573 275 :

257 295 284 312 “
299 293 461 327 Maxime
479 294 698 327 Teucrorum
716 292 857 336 (luctor,
880 305 952 338 quo
971 292 1104 337 sospite
1121 304 1312 338 nunquam

255 345 329 380 Res
348 346 518 390 equidem
538 346 654 390 T1‘<-j÷e
674 347 789 380 victas
808 349 873 380 aut
892 358 1001 390 regna
1018 346 1171 390 fatebor,

256 399 373 432 Nobis
392 399 439 432 ad
457 398 545 432 belli
563 399 741 432 auxilium
760 411 825 443 pro
844 399 990 432 nomine
1010 402 1116 432 tanto

255 451 407 495 Exiguae
428 451 520 485 vires
537 465 543 486 ε
571 452 656 485 111110
675 451 790 485 Tusco
811 452 1018 485 claudimur
1035 451 1134 485 amni
1153 465 1162 492 ς

255 504 354 538 Η1110
372 504 536 538 Rutulus
555 505 699 548 premit,
722 508 759 538 et
777 515 925 537 murum
944 504 1184 539 circumsonat
1203 504 1320 541 armis,

257 556 327 591 Sed
346 557 416 590 tibi
434 569 499 601 ego
517 557 683 601 ingentes
701 557 854 602 populos
873 557 1116 601 opulentaque
1134 559 1253 601 regnis

255 609 282 643 J
283 621 416 654 ungere
436 613 552 644 castra
569 621 667 654 paro,
692 622 801 654 quam
821 610 894 643 fors
912 610 1061 653 inopina
1079 610 1233 644 salutem

255 662 427 697 Ostentat
444 675 450 697 z
479 663 564 696 fatis
582 663 654 696 huc
672 664 709 696 te
727 662 960 706 poscentibus
977 663 1091 696 affers.

256 715 366 749 Haud
386 715 512 760 procul
529 715 614 748 hinc
632 727 720 749 saxo
739 715 871 748 colitur
888 714 1043 748 fundata
1060 717 1208 750 vetusto

255 767 366 802 Urbis
384 768 567 812 Agyllinae
586 767 687 801 sedes
705 781 712 808 ;
740 767 805 800 ubi
823 767 940 811 Lydia
959 767 1143 810 quondam

255 821 365 863 Gens,
387 820 483 855 bello
502 821 682 864 sraeclara,
700 817 800 864 jugis
818 819 953 853 insedit
973 819 1145 854 Etruscis.

256 873 374 917 Hanc,
396 873 532 907 multos
551 874 740 906 florentem
759 884 885 915 aImOS,
907 883 972 905 rex
991 872 1123 906 deinde
1142 873 1296 917 superbo

255 926 412 970 Imperio
431 930 467 960 et
487 926 591 959 saevis
609 926 730 960 tenuit
750 924 956 959 Mezentius
974 925 1083 958 armis
1104 938 1110 960 ε

256 979 351 1020 Quid
370 991 566 1012 memorem
584 979 753 1012 infandas
773 978 889 1012 caedes
904 978 916 1011 2
943 978 1032 1021 quid
1050 978 1148 1011 facta
1164 979 1312 1023 tyranni

255 1033 375 1066 Effera
388 1033 400 1066 ‘2
426 1032 475 1065 Di
495 1031 604 1076 capiti
622 1031 734 1075 ipsius
753 1031 948 1075 generique
966 1033 1153 1064 reservent
1172 1033 1179 1066 !

254 1085 405 1119 Mortua
423 1085 512 1129 quin
531 1085 582 1118 eti
595 1096 642 1117 2111
652 1084 832 1128 jungebat
851 1095 1000 1127 corpora
1017 1083 1122 1126 vivis,

257 1138 483 1182 Oomponens
497 1137 735 1180 manibusque
755 1148 885 1170 manus
904 1139 1014 1179 atque
1033 1136 1155 1169 oribvs
1174 1147 1236 1170 ora

255 1190 457 1236 (Tormenti
475 1202 588 1234 genus
605 1191 640 1234 Ξ),
663 1192 699 1223 et
718 1190 817 1223 sanie
836 1189 995 1233 taboque
1014 1189 1182 1231 fluentes,

256 1243 456 1288 Complexu
474 1244 512 1276 in
531 1243 675 1285 misero,
697 1243 805 1286 longa
825 1242 875 1276 sic
894 1245 1010 1275 morte
1029 1241 1191 1276 necabat.

255 1297 307 1330 At
327 1296 412 1330 fessi
430 1296 580 1330 'tandem
599 1295 694 1329 cives
712 1295 863 1328 infanda
881 1295 1065 1328 furentem

253 1349 398 1384 Armati
413 1348 685 1383 circumsistunt
701 1348 892 1392 ipsumque
911 1347 1133 1391 domumque
1149 1359 1157 1381 ι

255 1402 485 1436 Obtrunc-ant
504 1401 628 1444 socios,
650 1401 770 1444 ignem
790 1401 836 1434 ad
855 1399 999 1443 fastigia
1013 1399 1165 1443 jactant.

255 1455 324 1489 Ille
339 1455 435 1488 inter
453 1454 568 1488 credes
587 1454 813 1487 Rutulorum
832 1453 974 1496 elapsus
993 1453 1031 1485 111
1051 1463 1154 1496 agros

254 1507 469 1552 Confugere,
492 1509 529 1541 et
549 1507 662 1540 Turni
680 1506 866 1540 defendier
885 1505 1037 1549 hospitis
1056 1505 1173 1539 armis

255 1561 351 1605 Ergo
371 1560 488 1594 omnis
508 1560 611 1593 furiis
630 1559 788 1593 surrexit
807 1559 910 1592 Etru]
920 1558 955 1591 ia
968 1558 1079 1601 justis
1100 1571 1107 1598 ;

255 1613 394 1658 Regem
412 1613 459 1646 ad
479 1612 695 1656 supplicium
714 1611 885 1655 praesenti
903 1611 1025 1644 Marte
1043 1611 1247 1654 reposcunt.

255 1666 324 1700 His
343 1678 408 1710 ego
426 1668 476 1709 te,
500 1666 630 1708 x-Enea,
653 1665 843 1698 ductorem
861 1663 1023 1697 millibus
1043 1663 1185 1698 addam.

253 1719 345 1753 Toto
363 1730 521 1762 namque
540 1719 702 1752 fremunt
722 1717 913 1751 condensae
931 1716 1054 1749 littore
1072 1727 1224 1760 puppes,

255 1771 437 1816 Signaque
456 1772 549 1804 ferre
564 1771 699 1815 jubent
717 1784 725 1812 ;
752 1770 887 1803 retinet
906 1769 1094 1812 longaevus
1113 1780 1284 1812 aruspex,

253 1825 347 1858 Fata
367 1835 499 1858 canens
519 1837 526 1858 ;
558 1825 568 1841 ‘
585 1823 615 1856 O
637 1823 807 1856 Maeoniae
826 1822 967 1855 delecta
980 1821 1170 1865 juventus,

252 1877 338 1911 Flos
358 1879 523 1911 veterum
540 1876 730 1920 virtusque
748 1875 880 1917 virum,
902 1885 993 1918 quos
1007 1874 1131 1918 justus
1149 1874 1186 1906 in
1205 1873 1347 1906 hostem

253 1931 340 1964 Fert
359 1930 472 1973 dolor,
495 1932 532 1962 et
549 1929 680 1962 merita
698 1927 864 1962 accendit
883 1926 1088 1960 Mezentius
1106 1926 1171 1970 ira,

255 1983 363 2017 Nulli
382 1983 437 2016 fas
457 1982 552 2015 Italo
571 1984 588 2015 t
601 1985 713 2015 ntam
735 1981 953 2024 subjungere
973 1981 1118 2023 gentem
1139 1991 1146 2013 ε

253 2036 435 2069 Externos
454 2037 578 2078 optate
598 2033 734 2068 duces!
789 2033 882 2066 Tum
901 2033 1055 2065 Etrusca
1073 2031 1209 2066 resedit

254 2089 337 2122 Hoc
355 2088 448 2122 acies
468 2099 606 2131 campo,
627 2086 776 2120 monitis
795 2085 970 2119 exterrita
991 2084 1139 2118 Divum.

254 2141 336 2186 Ipse
358 2143 517 2175 oratores
537 2140 584 2173 ad
602 2151 660 2173 me
680 2139 855 2183 regnique
875 2148 1044 2172 coronam

253 2195 345 2228 Cum
366 2196 508 2238 sceptro
527 2192 639 2235 misit,
661 2192 887 2235 mandatque
906 2190 1063 2233 insignia
1080 2189 1232 2234 Tarcho,

254 2246 453 2280 Succedam
474 2246 610 2288 castris,
630 2245 890 2289 Tyrrhenaque
910 2254 1020 2286 regna
1039 2254 1221 2287 capessam
1239 2256 1248 2277 :

254 2299 323 2333 Sed
347 2299 436 2332 mihi
455 2299 552 2332 tardi
571 2298 655 2342 gelu
674 2297 860 2341 saeclisque
880 2296 1003 2329 effoeta
1021 2298 1187 2329 senectus

256 2351 407 2386 Invidet
426 2351 632 2396 imperium,
654 2361 816 2394 seraeque
837 2349 883 2382 ad
901 2349 1012 2382 fortia
1029 2348 1132 2382 vires.

1270 2404 1297 2428 11
1318 2396 1339 2427 2

1379 94 1454 131 147

1415 555 1458 580 475

1417 818 1460 839 480

1417 1081 1460 1101 ⁴85

1420 1343 1462 1364 490

1419 1606 1460 1627 4¹33

1424 1869 1464 1889 Γ’00

1424 2132 1465 2152 505
