1528 2569
622 108 795 135 ECLOGA
825 109 897 135 VH.

109 195 311 229 Posthabui
329 198 454 229 tamen
472 194 618 229 illorum
638 208 718 229 mea
737 196 827 229 seria
846 195 944 230 ludo.

107 248 271 281 Alternis
289 248 401 292 igitur
419 248 636 282 contendere
656 249 819 282 versibus
838 249 945 282 ambo

110 300 258 344 Coepere
279 313 286 335 ε
315 301 471 334 alternos
490 301 609 334 Musae
627 301 833 334 meminisse
851 301 1032 335 volebant.

109 353 189 387 Hos
209 353 390 397 Corydon,
411 353 492 386 illos
511 354 690 387 referebat
708 354 747 387 in
767 354 892 387 ordine
911 353 1069 397 Thyrsis.

1368 100 1418 138 15

1396 353 1422 373 20

163 406 251 440 COR.
285 406 323 439 N
324 406 482 450 ymphae,
503 409 626 440 noster
644 418 756 449 amor,
779 406 1020 449 Libethrides,
1042 408 1107 439 aut
1126 405 1217 440 mihi
1236 417 1393 449 cai-men,

113 458 228 499 Quale
248 470 328 492 meo
349 459 478 502 Codro,
501 459 686 492 concedite
707 472 715 501 ;
742 459 908 502 proxima
927 459 1059 492 Phoebi

109 511 285 545 Versibus
302 512 363 545 ille
382 511 469 545 facit
486 524 493 546 ε
523 515 598 555 aut,
621 512 651 545 si
670 523 744 545 non
763 523 954 555 possumus
973 523 1111 555 omnes,

113 564 185 598 Hic
205 567 334 608 arguta
353 567 452 598 sacra
465 565 640 608 pendebit
658 565 781 598 fistula
800 564 898 608 pinu.

163 618 283 652 THYR.
317 617 497 660 Pastores,
519 618 653 650 hedera
671 620 889 651 crescentem
908 619 1034 651 ornate
1047 618 1206 660 poetam,

110 670 283 714 Arcades,
305 670 444 704 invidia
462 672 681 713 rumpantur
699 673 741 703 ut
760 670 822 703 ilia
842 669 959 702 Codro
980 682 987 704 :

109 723 199 766 Aut,
222 723 253 756 si
269 722 367 756 ultra
384 722 560 766 placitum
579 722 747 764 laudarit,
771 722 918 756 baccare
937 722 1097 755 frontem

110 775 263 819 cingite,
285 787 332 808 ne
350 775 427 809 vati
445 778 573 808 noceat
591 775 688 808 mala
705 775 832 818 lingua
849 775 984 808 futuro.

163 828 251 862 COR.
286 827 402 862 Setosi
421 830 530 872 caput
548 828 616 861 hoc
635 828 712 871 apri
730 828 810 870 tibi,
833 827 950 870 Delia,
971 837 1106 871 parvus

109 881 158 915 Et
175 892 316 915 ramosa
335 881 458 915 Micon
478 881 613 914 vivacis
632 892 768 914 cornua
786 880 891 914 cervi.

109 934 148 968 Si
166 934 352 978 proprium
371 934 439 968 hoc
457 934 580 977 fuerit,
602 933 674 967 levi
692 933 736 967 de
755 944 933 966 marmore
950 934 1032 967 tota

109 986 269 1021 Puniceo
288 987 400 1020 stabis
420 998 520 1020 suras
539 987 683 1020 evincta
702 986 889 1020 cothurno.

162 1040 282 1073 THYR.
317 1039 444 1074 Sinum
462 1039 578 1083 lactis,
599 1042 635 1073 et
654 1039 732 1072 haec
750 1042 787 1072 te
806 1039 891 1082 liba,
914 1038 1058 1082 Priape,
1080 1037 1278 1082 quotannis

109 1093 327 1136 Exspectare
347 1095 402 1126 sat
421 1095 476 1125 est
497 1105 504 1127 z
533 1095 653 1126 custos
672 1104 709 1126 es
728 1092 896 1136 pauperis
915 1091 1021 1125 horti.

108 1145 219 1179 Nunc
237 1148 274 1179 te
292 1157 533 1179 marmoreum
551 1156 616 1189 pro
633 1148 796 1189 tempore
815 1145 965 1178 fecimus
986 1157 994 1186 3
1022 1146 1061 1177 at
1079 1146 1135 1187 tu,

109 1198 148 1232 Si
165 1199 300 1232 foetura
317 1210 461 1242 gregem
480 1198 713 1241 suppleverit,
736 1209 865 1231 aureus
884 1200 971 1231 esto.

162 1251 250 1285 COR.
283 1251 421 1284 Nerine
442 1251 605 1294 Galatea,
626 1251 755 1294 thymo
773 1250 864 1283 mihi
883 1249 1023 1283 dulcior
1041 1249 1190 1293 Hyblae,

111 1304 308 1338 Candidior
327 1304 457 1347 cycnis,
481 1303 616 1337 hedera
633 1303 824 1337 formosior
841 1303 924 1336 alba
943 1315 950 1344 ;

109 1356 231 1397 Quum
250 1357 406 1400 primum
422 1356 518 1400 pasti
535 1359 702 1400 repetent
720 1355 894 1399 praesepia
912 1355 1021 1398 tauri,

109 1409 147 1443 Si
167 1421 239 1453 qua
256 1410 313 1443 tui
333 1409 533 1453 Corydonis
551 1409 661 1442 habet
680 1418 717 1442 te
737 1420 833 1451 cura,
856 1408 988 1442 venito.

161 1463 281 1496 Tum.
315 1462 433 1495 Immo
453 1473 518 1505 ego
539 1461 683 1495 Sardois
702 1461 827 1495 videar
845 1461 915 1494 tibi
933 1460 1088 1494 amarior
1105 1459 1240 1503 herbis,

108 1515 303 1549 Horridior
320 1526 436 1558 rusco,
458 1515 620 1558 projecta
639 1515 745 1548 vilior
763 1515 855 1558 alga,

111 1568 150 1602 Si
168 1568 258 1601 mihi
277 1580 351 1602 non
370 1567 448 1601 haec
466 1568 532 1601 lux
546 1570 626 1601 toto
641 1567 719 1611 jam
737 1568 878 1611 longior
896 1577 992 1600 anno
1012 1568 1076 1600 est.

108 1621 167 1655 Ite
187 1621 337 1654 domum
355 1621 462 1664 pasti,
485 1620 515 1654 si
533 1620 613 1664 quis
632 1620 760 1663 pudor,
782 1621 832 1653 ite
847 1619 1006 1664 juvenci.

162 1674 250 1708 COR.
284 1673 446 1707 Muscosi
464 1674 596 1716 fontes,
618 1676 654 1706 et
674 1685 799 1707 somno
818 1673 961 1707 mollior
978 1671 1102 1715 herba,

108 1727 157 1760 Et
177 1738 258 1771 quae
277 1738 342 1760 vos
360 1724 440 1760 rara
460 1726 585 1759 viridis
603 1726 695 1770 tegit
715 1727 867 1759 arbutus
885 1725 1027 1768 umbra,

109 1780 312 1814 Solstitium
331 1779 452 1823 pecori
471 1779 656 1812 defendite
674 1793 682 1821 3
707 1779 784 1823 jam
802 1779 905 1812 venit
924 1781 1031 1811 {estas

108 1833 269 1876 Torrida,
288 1832 364 1876 jam
384 1833 470 1866 laeto
487 1834 638 1875 turgent
656 1832 694 1865 in
713 1832 863 1875 palmite
882 1842 1043 1875 gemmae.

161 1886 281 1919 THYR.
316 1885 389 1918 Hic
402 1885 516 1928 focus,
539 1888 576 1918 et
596 1885 702 1918 teedae
722 1885 874 1928 pingues
891 1897 899 1925 ;
928 1884 987 1916 hic
1005 1882 1183 1927 plurimus
1201 1882 1295 1925 ignis

109 1938 267 1982 Semper,
290 1940 327 1971 et
347 1937 493 1971 assidua
512 1940 632 1981 postes
651 1938 803 1981 fuligine
823 1937 916 1981 nigri
934 1949 941 1971 ε

109 1991 182 2024 Hic
200 1993 346 2024 tantum
366 1991 491 2024 Boreae
511 2002 677 2024 curamus
696 1991 841 2034 frigora,
864 1991 1043 2033 quantum

109 2045 187 2078 Aut
206 2055 400 2077 numerum
418 2043 539 2086 lupus,
562 2046 627 2076 aut
644 2043 820 2076 torrentia
839 2042 989 2076 flumina
1007 2041 1113 2084 ripas„

163 2096 250 2130 COR.
286 2096 394 2130 Stant
413 2098 450 2129 et
465 2095 638 2139 juniperi,
661 2098 698 2128 et
718 2098 893 2129 castaneae
912 2095 1062 2128 hirsutae
1081 2106 1088 2134 ;

111 2149 234 2183 Strata
257 2149 382 2193 jacent
401 2149 535 2192 passim
554 2159 618 2182 sua
637 2160 792 2192 quaeque
812 2148 878 2181 sub
897 2148 1023 2180 arbore
1041 2156 1149 2190 poma
1168 2157 1177 2186 ;

111 2201 243 2235 Omnia
261 2213 359 2235 nunc
377 2201 500 2235 rident
520 2214 526 2235 :
556 2204 606 2244 at,
629 2201 659 2234 si
676 2201 855 2235 formosus
874 2199 999 2233 Alexis

110 2254 303 2288 Montibus
316 2255 373 2288 his
391 2255 509 2297 abeat,
533 2254 656 2287 videas
676 2257 713 2287 et
733 2254 883 2287 fiumina
901 2253 1001 2286 sicea.

164 2307 283 2341 THYR.
317 2307 408 2340 Aret
426 2319 511 2351 ager
530 2320 538 2349 ;
564 2307 655 2340 vitio
673 2307 830 2340 moriens
849 2306 927 2340 sitit
945 2304 1036 2339 aeris
1053 2301 1165 2337 herba
1183 2313 1194 2344 ς

112 2359 219 2393 Liber
237 2360 444 2404 pampineas
462 2359 595 2393 invidit
613 2360 764 2393 collibus
781 2359 936 2393 umbras
1098 2370 1109 2391 ‘x

1395 614 1423 635 25

1394 1141 1420 1162 35

1396 1669 1422 1689 45

1397 1931 1423 1952 50

1394 2192 1420 2213 ⁵1
