1559 2584
116 91 157 127 ἑο,

179 91 203 126 {0

595 98 782 126 VIRGILH
811 97 968 125 AENEIS.

221 184 371 230 Aurigae
390 196 610 229 currumque
630 187 667 219 et
686 197 799 230 equos
819 188 856 219 et
875 185 953 219 lora.
970 185 1131 229 regebat,

222 239 370 272 Talibus
389 239 545 272 occurrit
565 238 691 272 dictis:
723 239 749 256 “
762 238 854 280 Hac,
879 238 1013 281 Turne,
1035 249 1230 282 sequamur
1401 236 1444 257 ⁶²⁵

222 291 458 335 Trojugenas,
481 303 555 335 qua
573 291 692 335 prima
709 291 807 325 viam
826 291 979 324 victoria
996 291 1147 335 pandit:

224 344 319 378 Sunt
337 344 412 388 alii,
434 344 498 388 qui
515 347 614 378 tecta
631 355 743 377 manu
763 344 959 377 defendere
977 344 1125 388 possint.

224 397 371 441 Ingruit
392 397 529 431 AEneas
549 397 666 440 Italis,
691 399 728 430 et
747 397 872 441 praelia
890 397 1039 438 miscet3

223 450 273 484 Et
292 462 358 484 nos
377 462 474 484 saeva
492 462 604 484 manu
622 450 813 483 mittamus
831 450 962 483 funera
980 450 1145 485 Teucris:

223 503 263 537 N
265 515 305 537 00
323 515 475 537 numero
493 503 654 547 inferior,
676 514 809 547 pugnae
828 514 895 536 nec
913 502 1051 537 honore
1069 502 1253 538 recedeS.”
1405 501 1449 522 ⁶³⁰

223 556 368 590 Turnus
387 556 434 590 ad
453 556 550 591 haec:

228 609 293 643 “O
313 621 425 652 soror,
447 612 485 643 et
505 609 646 642 dudum
665 609 810 654 agnovi,
833 621 949 654 quum
967 609 1085 653 prima
1102 621 1168 653 per
1186 611 1304 643 artem

225 662 381 696 Foedera
400 663 572 705 turbasti,
594 665 704 706 teque
724 663 802 696 haec
821 663 860 696 in
879 663 974 696 bella
993 662 1151 704 dedisti;

225 715 275 749 Et
294 727 393 749 nunc
411 716 655 760 nequicquam
675 716 782 759 fallis,
806 716 904 750 Dea:
934 715 998 749 sed
1017 715 1099 760 quis
1119 714 1277 760 Olympo

225 768 430 803 Demissam
447 771 571 802 tantos
590 769 708 802 voluit
726 772 763 802 te
783 769 875 802 ferre
894 768 1058 802 labores?
1408 767 1449 787 ⁶³⁵

226 822 288 855 An
306 822 431 855 fratris
449 822 571 856 miseri
589 822 706 855 letum
725 825 768 855 ut
788 822 932 856 crudele
952 821 1114 855 videres?

227 874 327 908 Nam
347 875 436 919 quid
456 887 523 919 ago
540 875 551 908 2
579 878 644 909 aut
663 887 746 919 quse
761 875 839 919 jam
859 875 1016 919 spondet
1035 875 1201 908 Fortuna
1221 875 1397 909 salutem?

227 927 319 961 Vidi
337 928 461 962 oculos
480 931 566 962 ante
585 928 662 972 ipse
681 940 792 971 meos,
815 940 872 962 me
892 939 979 961 voce
999 930 1205 971 vocantem,

228 980 460 1024 2Murranum,
483 993 555 1025 quo
574 993 649 1014 non
669 984 815 1025 superat
835 981 926 1014 mihi
943 981 1058 1014 carior
1076 981 1180 1024 alter,

230 1034 410 1078 Oppeterc
429 1035 628 1077 ingentem,
649 1036 760 1078 atque
779 1034 921 1078 ingenti
939 1034 1090 1067 vulnere
1108 1034 1259 1068 victum.
1411 1032 1454 1051 ⁶⁴⁰

231 1087 374 1120 Occidit
393 1087 534 1130 infelix,
557 1098 603 1120 110
622 1090 790 1120 nostrum
809 1087 967 1120 dedecus
987 1086 1105 1120 Ufens

229 1140 440 1183 Aspiceret:
471 1140 600 1173 Teucri
618 1140 813 1184 potiuntur
831 1151 978 1184 corpore
998 1142 1035 1173 et
1054 1139 1174 1174 armis.

230 1193 452 1226 Exscindine
472 1193 599 1227 domos
619 1193 672 1238 (id
690 1193 799 1227 rebus
818 1193 938 1227 defuit
956 1194 1087 1237 unum)

231 1245 440 1290 Perpetiar2
468 1246 599 1280 dextra
618 1258 685 1280 nec
703 1246 857 1280 Drancis
876 1246 974 1280 dicta
992 1245 1176 1280 refellam?

231 1299 346 1343 Terga
366 1299 480 1341 dabo3
509 1302 546 1333 et
565 1300 730 1333 Turnum
749 1300 951 1343 fugientem
969 1300 1048 1333 haec
1066 1302 1164 1333 terra
1178 1299 1341 1334 videbit?
1412 1297 1454 1317 ⁶⁴⁵

230 1350 358 1397 Usque
378 1353 515 1387 adeone
534 1353 626 1386 mori
645 1353 818 1386 miserum
838 1353 915 1386 est?
942 1364 1019 1396 vos,
1041 1364 1063 1386 0
1081 1352 1174 1386 mihi
1192 1353 1324 1387 Manes

233 1404 323 1439 Este
342 1406 431 1440 boni
442 1420 450 1447 ;
480 1406 653 1450 quoniam
673 1406 820 1450 Superis
839 1418 965 1440 aversa
982 1406 1173 1440 voluntas:

233 1459 367 1493 Sancta
387 1459 433 1493 ad
451 1471 517 1493 vos
536 1459 670 1502 anima,
692 1462 804 1504 atque
823 1460 930 1493 istius
948 1459 1061 1493 inscia
1081 1459 1211 1503 culpae,

234 1511 476 1555 Descendam,
498 1524 713 1556 magnorum
734 1513 833 1546 haud
853 1524 1016 1556 unquam
1036 1512 1208 1556 indignus
1228 1512 1418 1546 avorum.⁷'

239 1593 259 1607 ,
287 1565 364 1598 Vix
383 1577 425 1599 ea
443 1566 542 1599 fatus
562 1569 652 1609 erat,
674 1566 813 1599 medios
832 1566 933 1599 volat
953 1577 1033 1599 ecce
1053 1577 1116 1609 per
1134 1566 1270 1609 hostes,
1414 1564 1456 1584 ⁶⁵⁰

234 1617 377 1652 Vectus
396 1630 490 1662 equo
505 1622 714 1662 spumante,
737 1618 855 1662 Saces,
879 1619 1031 1652 adversa
1051 1619 1187 1662 sagitta

235 1671 388 1705 Saucius
409 1683 492 1713 ora3
521 1673 681 1716 ruitque,
704 1672 902 1716 implorans
921 1672 1069 1705 nomine
1091 1673 1277 1707 Turnum:

238 1726 264 1742 ‘⁴
280 1725 413 1767 Turne,
437 1725 475 1758 in
495 1727 533 1758 te
553 1737 721 1769 suprema
741 1726 858 1763 salus:
887 1725 1058 1759 miserere
1078 1728 1237 1760 tuorum.

234 1777 427 1811 Fulminat
449 1778 586 1812 A'Eneas
605 1779 726 1822 armis,
749 1790 981 1822 summasque
1001 1779 1164 1812 minatur

234 1830 475 1875 Dejeetumm
495 1843 594 1865 arces
614 1831 765 1875 Italum,
788 1832 1001 1876 excidioque
1022 1831 1218 1873 daturum3
1416 1830 1458 1851 ⁶⁵⁵

234 1883 396 1928 Jamque
415 1885 511 1918 faces
530 1885 575 1918 ad
596 1888 694 1918 tecta
713 1885 860 1919 volant:
890 1885 928 1918 in
947 1888 985 1918 te
1005 1896 1067 1918 ora
1087 1885 1222 1928 Latini,

235 1935 282 1970 In
302 1941 339 1970 te
360 1938 484 1971 oculos
503 1938 687 1972 referunt:
717 1941 856 1971 mussat
875 1950 939 1971 1·οΧ
959 1938 1035 1982 ipse
1055 1938 1222 1982 Latinus,

236 1990 336 2031 Quos
354 2002 506 2032 generos
525 1994 640 2034 vocet,
663 1994 728 2025 aut
748 2003 830 2035 quae
849 2003 925 2025 sese
944 1991 991 2025 ad
1010 1991 1150 2026 foedera
1167 1992 1301 2026 flectat.

235 2042 421 2078 Praeterea
439 2044 576 2089 regina,
598 2045 655 2078 tui
674 2045 858 2087 fidissima,
883 2045 1013 2078 dextra

239 2096 382 2130 Occidit
401 2098 478 2141 ipsa
499 2100 578 2141 sua,
600 2098 791 2142 lucemque
811 2098 987 2132 exterrita
1005 2098 1110 2142 fugit.
1418 2096 1460 2117 ⁶⁶⁰

239 2149 314 2183 Soli
334 2162 398 2194 pro
418 2151 531 2194 portis
552 2151 742 2195 Messapus
763 2154 799 2185 et
819 2163 900 2185 acer
919 2151 1051 2185 Atinas

239 2202 459 2237 Sustentant
478 2204 611 2239 aciem:
643 2205 777 2238 circum
797 2205 863 2238 hos
881 2205 1056 2248 utrinque
1076 2204 1277 2248 phalanges

240 2255 348 2289 Stant
368 2256 510 2298 densae3
540 2257 747 2302 strictisque
768 2269 867 2302 seges
885 2257 1118 2291 mucronibus
1137 2258 1261 2291 horret

239 2308 349 2343 Ferre
369 2322 375 2344 :
404 2313 447 2343 tu
467 2322 612 2344 currum
631 2311 775 2345 deserto
794 2311 832 2344 in
851 2311 1013 2354 gramine
1032 2322 1163 2345 versas.
1171 2310 1192 2327 ''

239 2362 453 2407 Obstupuit,
474 2364 576 2398 varia
595 2364 767 2398 confusus
785 2363 942 2408 imagine
960 2375 1094 2408 rerum,
1419 2363 1460 2383 ⁶⁶⁵
