1528 2569
549 141 736 168 VIRGILII
764 140 996 168 MORETUM.

275 228 471 263 Interdum
490 229 622 263 clamat
643 229 812 273 Cybalen.
874 229 963 263 Erat
982 229 1089 263 unica
1103 233 1235 275 custos,

274 283 366 316 Afra
384 294 511 326 genus,
533 285 613 316 tota
632 282 788 326 patriam
806 285 965 316 testante
985 283 1112 326 figura,

277 335 388 369 Torta
407 346 561 379 comam,
583 336 757 380 labroque
776 338 922 370 tumens
941 338 978 369 et
997 336 1099 370 fusca
1117 337 1246 380 colore,

277 386 433 422 Pectore
453 388 541 431 lata,
562 389 682 422 iacens
700 389 880 432 mammis,
903 389 1138 433 compressior
1155 390 1252 434 alvo,

272 441 446 475 Cruribus
466 442 582 485 exilis,
604 442 762 486 spatiosa
780 442 930 486 prodiga
948 443 1075 486 planta
1094 455 1102 483 ;

272 489 481 541 [Continuis
498 495 599 529 rimis
618 495 785 529 calcanea
804 495 913 529 scissa
930 489 1132 545 rigebant]

274 546 382 581 Hinc
400 551 507 582 vocat
525 551 637 592 atque
655 560 779 582 arsura
796 549 885 582 focis
904 549 1089 593 imponere
1108 549 1207 593 ligna

273 600 435 645 Imperat
454 604 491 635 et
509 602 654 635 flamma
672 602 809 646 gelidos
827 602 971 636 adolere
989 602 1157 645 liquores.

273 653 474 697 Postquam
493 654 658 698 implevit
677 666 767 698 opus
786 655 925 688 iustum
944 655 1113 688 versatile
1132 655 1242 690 finem
1262 670 1270 698 ;

273 706 460 740 Transfert
478 707 563 740 inde
582 719 695 741 manu
714 708 813 741 fusas
832 708 870 740 in
891 708 1006 741 cribra
1024 708 1160 742 farinas

273 759 323 793 Et
343 759 465 803 quatit
484 772 491 794 ;
520 771 561 793 ac
579 763 769 793 remanent
787 772 929 794 summo
948 761 1163 804 purgamina
1182 761 1301 805 dorso,

274 812 438 846 Subsidit
456 813 593 847 sincera
610 813 923 857 foraminibusque
940 814 1108 857 liquatur

271 864 483 899 Emundata
503 865 619 900 Ceres.
680 867 794 901 Laevi
810 869 892 900 tum
911 866 1079 910 protinus
1096 867 1199 901 illam

273 918 469 962 Componit
487 919 626 962 tabula,
648 919 792 964 tepidas
811 931 920 964 super
937 920 1070 964 ingerit
1088 921 1207 954 undas
1223 934 1232 962 3

273 971 465 1005 Contrahit
483 972 667 1006 admixtos
684 975 767 1006 tum
785 973 907 1006 fontes
926 976 1037 1017 atque
1055 973 1204 1017 farinas,

273 1024 508 1058 Transversat
527 1025 658 1059 durata
675 1037 799 1069 manu,
820 1026 1034 1069 liquidoque
1053 1029 1178 1060 coacto

273 1078 467 1111 Interdum
485 1089 630 1122 grumos
649 1079 785 1123 spargit
803 1079 886 1113 sale.
947 1078 1101 1123 Iamque
1121 1080 1313 1114 subactum

273 1131 411 1165 Laevat
431 1142 532 1175 opus,
554 1132 757 1175 palmisque
777 1143 884 1165 suum
902 1132 1034 1166 dilatat
1051 1133 1091 1166 in
1109 1133 1245 1177 orbem,

273 1183 323 1218 Et
342 1187 446 1218 notat
465 1184 648 1228 impressis
667 1196 784 1228 aequo
803 1185 1011 1219 discrimine
1031 1186 1188 1229 quadris.

275 1237 394 1271 Infert
411 1237 497 1271 inde
516 1237 786 1281 foco—Cybale
803 1238 1045 1271 mundaverat
1063 1242 1193 1282 aptum

277 1291 376 1324 Ante
395 1290 748 1334 locum—testisque
765 1291 871 1335 tegit,
894 1303 1001 1335 super
1019 1295 1167 1335 aggerat
1185 1293 1296 1337 ignes,

275 1343 447 1387 Dumque
466 1355 549 1377 suas
568 1344 708 1387 peragit
727 1343 916 1378 Vulcanus
935 1347 1103 1388 testaque
1122 1348 1256 1389 partes,

275 1396 435 1430 Simulus
453 1396 593 1430 interea
610 1408 725 1430 vacua
742 1408 817 1430 non
836 1399 952 1430 cessat
969 1397 1009 1431 in
1028 1397 1117 1431 hora
1133 1411 1141 1439 ;

274 1449 415 1483 Verum
433 1450 541 1483 aliam
561 1449 630 1483 sibi
649 1450 793 1493 quaerit
811 1461 928 1494 opem,
949 1462 1021 1484 neu
1040 1451 1117 1484 sola
1134 1452 1256 1495 palato

275 1502 331 1536 Sit
348 1514 423 1536 non
441 1506 545 1546 grata
564 1502 682 1546 Ceres,
705 1514 796 1546 quas
813 1503 955 1547 iungat,
974 1507 1159 1547 comparat
1178 1516 1288 1540 escas.

271 1555 360 1589 Non
378 1555 432 1589 illi
450 1567 623 1600 suspensa
639 1556 762 1589 focum
781 1556 942 1589 carnaria
959 1556 1078 1600 iuxta,

271 1608 404 1642 Durati
423 1609 495 1642 sale
513 1611 616 1652 terga
634 1610 708 1642 suis
726 1609 933 1653 truncique,
954 1610 1133 1644 vacabant
1149 1623 1157 1645 :

272 1662 457 1696 Traiectus
475 1662 637 1695 medium
655 1665 778 1706 sparto
797 1662 860 1696 sed
879 1674 1003 1696 caseus
1021 1663 1159 1707 orbem,

274 1715 324 1748 Et
341 1718 447 1748 vetus
466 1715 633 1749 adstricti
649 1715 755 1749 fascis
773 1715 955 1759 pendebat
974 1716 1107 1750 anethi.

273 1767 369 1812 Ergo
388 1768 501 1802 alium
519 1769 671 1802 molitur
689 1780 795 1812 opem
814 1769 883 1802 sibi
900 1769 1076 1812 providus
1095 1769 1210 1805 heros.

272 1820 416 1854 Hortus
434 1824 511 1855 erat
529 1821 676 1855 iunctus
695 1821 847 1864 casulae,
870 1833 979 1865 quem
997 1823 1135 1857 vimina
1152 1835 1268 1868 pauca

271 1874 321 1908 Et
341 1874 477 1908 calamo
495 1874 654 1908 recidiva
672 1874 745 1908 levi
763 1875 931 1908 munibat
949 1876 1102 1919 arundo,

273 1927 439 1970 Exiguus
458 1927 586 1971 spatio,
607 1927 717 1961 variis
736 1927 800 1961 sed
818 1928 948 1961 fertilis
966 1928 1096 1963 herbis.

273 1979 362 2013 Non
380 1980 434 2013 illi
453 1980 591 2023 deerat,
613 1980 712 2024 quod
731 1981 898 2024 pauperis
918 1981 1031 2025 exigit
1050 1993 1137 2016 usus
1155 1995 1163 2017 :

272 2032 467 2067 Interdum
486 2033 646 2077 locuples
665 2045 687 2067 a
703 2045 860 2077 paupere
880 2034 998 2067 multa
1016 2035 1174 2078 petebat.

271 2085 310 2119 N
313 2097 352 2119 ec
371 2088 514 2120 sumtus
534 2089 611 2120 erat
631 2086 723 2120 illud
743 2098 845 2130 opu3‚
869 2087 931 2120 sed
950 2088 1075 2131 regula
1094 2099 1209 2123 curae.

273 2138 312 2172 Si
332 2139 480 2183 quando
500 2151 657 2173 vacuum
677 2139 799 2172 casula
816 2139 1007 2183 pluriaeve
1026 2141 1202 2174 tenebant

270 2191 302 2226 F
306 2195 428 2226 estave
448 2192 527 2235 lux,
550 2193 580 2225 si
598 2193 694 2226 forte
713 2192 816 2226 labor
835 2193 997 2226 cessabat
1015 2194 1127 2227 aratri
1146 2207 1154 2235 ;

271 2244 384 2278 Horti
401 2256 491 2289 opus
509 2245 603 2279 illud
622 2248 710 2279 erat.
768 2245 899 2279 Varias
918 2245 1096 2289 deponere
1115 2247 1259 2291 plantas

272 2297 404 2341 Norat,
428 2301 465 2332 et
484 2299 647 2332 occultae
667 2298 895 2332 committere
915 2299 1054 2333 semina
1072 2303 1204 2343 terrae,

273 2350 497 2395 Vicinosque
516 2355 600 2395 apte
619 2363 704 2385 cura
724 2351 938 2385 submittere
957 2352 1062 2387 rivos.

272 2402 345 2438 Hic
364 2404 444 2438 olus
463 2407 500 2437 et
518 2405 591 2438 late
609 2404 806 2438 fundentes
825 2405 970 2439 brachia
988 2405 1093 2440 betae

1346 134 1421 171 111

1397 973 1424 992 ⁴5

1398 1238 1426 1258 50
