1559 2584
129 89 209 129 168

601 99 787 127 VJRGILH
816 97 971 126 AENEIS.

231 187 346 232 Terga
363 186 558 232 fatigamus
575 186 683 221 hasta
702 199 709 222 ε
737 198 805 220 nec
822 186 929 220 tarda
947 188 1114 221 senectus

231 241 411 276 Debilitat
430 240 524 274 vires
543 239 668 283 animi,
691 241 884 283 mutatque
903 239 1065 283 vigorem
1083 251 1090 274 :

233 294 413 328 Canitiem
431 293 536 337 galea
554 293 752 337 premimus
773 305 781 334 3
810 303 1022 337 semperque
1042 293 1205 326 recentes

234 347 457 381 Convectare
472 346 583 390 juvat
601 346 756 390 praedas,
779 347 816 379 et
835 345 957 379 vivere
975 348 1091 390 rapto.

232 400 348 434 Vobis
367 400 465 444 picta
483 410 586 433 croco
605 401 642 432 et
661 399 818 442 fulgenti
835 398 972 432 murice
991 398 1102 432 vestis
1119 411 1127 440 3

232 453 391 487 Desidiae
412 452 512 486 cordi
529 465 537 494 ;
561 452 671 496 juvat
690 452 881 495 indulgere
900 451 1039 485 choreis
1056 464 1065 493 3

232 506 282 540 Et
300 506 436 540 tunicae
455 505 626 548 manicas,
650 508 687 538 et
707 505 844 538 habent
863 504 1077 538 redimicula
1095 504 1227 538 mitrae.

233 559 264 594 Ο
283 570 367 592 Vere
388 558 559 603 Phrygiae
581 558 714 603 (neque
734 558 832 592 enim
851 557 1017 602 Phryges
1037 557 1060 602 ἒ)
1079 557 1130 590 ite
1150 568 1214 601 per
1232 556 1307 592 alta

233 612 433 656 Dindyma,
456 612 521 645 ubi
539 611 692 645 assuetis
711 611 864 645 biforem
883 611 948 644 dat
967 610 1059 644 tibia
1078 613 1226 644 cantum
1245 622 1252 644 :

234 666 423 710 Tympana
442 677 507 699 vos
525 665 721 709 buxusque
740 666 873 698 vocant
892 663 1137 708 Berecynthia
1156 662 1284 697 matris

233 718 354 752 Idaeae.
417 718 532 752 Sinite
551 729 652 752 arma
672 717 769 761 viris,
792 719 830 751 et
849 717 966 751 cedite
985 717 1121 751 ferro.''

234 772 336 806 Talia
350 771 555 816 jactantem
575 771 695 813 dictis,
718 783 759 805 ac
778 771 858 804 dira
876 772 1081 813 canentem,

233 825 322 858 Non
341 825 430 858 tulit
449 824 628 858 Ascanius
646 838 653 865 ;
683 835 869 868 nervoque
889 823 1061 857 obversus
1081 822 1216 867 equino

233 877 434 912 Contendit
454 878 581 921 telum,
604 877 819 921 diversaque
839 876 986 910 brachia
1005 876 1142 910 ducens

234 931 420 974 Constitit,
444 933 529 964 ante
548 931 574 964 J
576 942 682 964 ovem
701 930 855 974 supplex
874 941 938 973 per
956 931 1043 963 vota
1060 931 1228 973 precatus
1245 940 1254 964 z

237 985 264 1003 “
276 984 426 1028 Jupiter
445 983 687 1028 omnipotens,
709 983 907 1017 audacibus
926 994 1046 1016 annue
1066 982 1194 1026 coeptis
1212 993 1221 1017 ε

235 1037 319 1081 Ipse
337 1037 408 1071 tibi
427 1037 474 1070 ad
493 1039 560 1070 tua
578 1037 716 1080 templa
735 1036 849 1070 feram
869 1035 1032 1069 solennia
1051 1035 1158 1078 dona,

234 1090 284 1124 Et
304 1092 465 1123 statuam
484 1092 570 1124 aute
589 1101 669 1123 aras
689 1091 817 1123 aurata
835 1089 955 1122 fronte
971 1088 1173 1132 juvencum

236 1143 476 1186 Gaudentem,
498 1142 707 1187 pariterque
727 1144 836 1186 caput
856 1152 939 1176 cum
958 1144 1074 1175 matre
1093 1141 1272 1175 ferentem
1288 1153 1298 1183 3

235 1196 262 1230 J
264 1208 323 1230 am
343 1207 454 1230 cornu
473 1198 586 1240 petat,
611 1198 648 1229 et
667 1195 821 1240 pedibus
840 1195 905 1239 qui
923 1197 1069 1239 spargat
1088 1193 1272 1228 arenam.''

236 1249 367 1283 Audiit
385 1262 393 1291 ;
423 1251 460 1283 et
479 1249 562 1283 coeli
580 1248 724 1293 genitor
742 1249 787 1282 de
807 1251 910 1293 parte
930 1249 1057 1282 serena

236 1302 408 1336 Intonuit
426 1302 562 1336 laevum
581 1315 587 1337 :
617 1304 722 1336 sonat
741 1313 816 1336 una
834 1301 956 1335 letifer
973 1312 1078 1335 arcus
1095 1314 1102 1342 ;

236 1356 286 1390 Et
305 1355 401 1400 fugit
419 1355 645 1402 horrendum
665 1355 822 1389 stridens
842 1355 962 1399 elapsa
981 1353 1126 1398 sagitta,

236 1409 380 1453 Perque
401 1411 510 1453 caput
529 1409 678 1442 Remuli
698 1409 811 1451 venit,
836 1411 872 1442 et
893 1419 981 1442 cava
999 1410 1163 1452 tempora
1181 1407 1278 1441 ferro

237 1462 397 1506 Tffljiest·
461 1463 487 1480 ‘⁴
501 1462 533 1506 I,
556 1462 675 1496 verbis
694 1462 871 1495 virtutem
889 1461 1003 1495 illude
1023 1460 1186 1505 superbis
1203 1474 1210 1495 ε

239 1514 303 1548 Bis
324 1514 421 1559 capti
439 1514 604 1559 Phryges
622 1515 700 1549 haec
718 1515 870 1548 Rutulis
889 1526 1060 1558 responsa
1079 1513 1276 1547 remittunt
1291 1514 1298 1548 ἶ
1312 1511 1334 1530 '’

238 1568 330 1602 Haec
349 1570 497 1602 tantum
517 1568 695 1602 Ascanius
713 1581 720 1602 ε
750 1568 879 1601 Teucri
898 1568 1051 1601 clamore
1071 1571 1285 1610 sequuntur,

237 1621 459 1665 Laetitiaque
479 1621 653 1664 fremunt,
676 1621 889 1665 animosque
908 1620 954 1654 ad
974 1620 1091 1653 sidera
1110 1620 1258 1654 tollunt.

291 1674 463 1708 AEtheria
481 1677 563 1708 tum
582 1674 678 1708 forte
696 1675 804 1718 plaga
824 1674 977 1707 crinitus
997 1673 1131 1717 Apollo

238 1727 405 1771 Desuper
424 1727 605 1761 Ausonias
624 1727 717 1761 acies
736 1727 936 1771 urbemque
956 1726 1115 1769 videbat,

238 1780 350 1814 Nube
369 1780 499 1814 sedens
515 1793 523 1822 ;
553 1783 664 1825 atque
683 1781 741 1815 his
759 1780 935 1814 victorem
954 1780 1087 1814 affatur
1107 1779 1232 1813 Iulum
1248 1791 1256 1814 :

244 1834 267 1852 “
281 1833 405 1868 Macte
425 1835 521 1868 nova
538 1833 691 1877 virtute,
713 1845 804 1878 puer
820 1847 829 1876 ;
857 1833 908 1868 sic
926 1834 1003 1867 itur
1020 1833 1067 1867 ad
1086 1835 1196 1875 astra,

238 1886 305 1921 Dis
324 1887 459 1931 geuffle,
482 1890 519 1921 et
538 1888 704 1931 geniture
724 1887 830 1921 Deos.
891 1887 918 1920 J
920 1898 984 1920 ure
1004 1886 1126 1920 omnia
1145 1886 1240 1920 bella

240 1939 360 1974 Gente
380 1940 448 1974 sub
468 1940 635 1974 Assaraci
653 1941 731 1974 fato
752 1942 909 1974 ventura
927 1939 1089 1974 resident
1107 1952 1114 1974 :

239 1992 320 2027 Nec
338 1995 376 2027 te
397 1993 505 2038 Troja
524 1993 660 2038 capit.”
718 1993 835 2028 Simul
853 1993 931 2027 haec
950 1993 1094 2036 effatus,
1115 1992 1161 2027 ab
1181 1991 1256 2026 alto

246 2046 395 2080 AEthere
415 2058 452 2080 se
471 2046 601 2090 mittit,
624 2046 803 2091 spirantes
822 2046 986 2080 dimovet
1005 2057 1121 2089 auras,

239 2099 512 2144 Ascaniumque
531 2100 624 2144 petit
643 2113 649 2134 z
678 2100 798 2134 forma
816 2103 898 2134 tum
917 2099 1075 2134 vertitur
1093 2099 1164 2133 oris

239 2152 450 2196 Antiquum
469 2153 508 2186 in
527 2153 660 2187 Buten.
723 2153 796 2187 Hic
815 2152 1001 2187 Dardanio
1021 2152 1191 2186 Anchisae

241 2206 411 2250 Armiger
430 2208 515 2240 aute
535 2206 618 2250 fuit,
641 2206 808 2250 fidusque
828 2205 875 2240 ad
894 2205 1021 2239 limina
1041 2207 1162 2239 eustos
1180 2218 1187 2246 ;

241 2258 335 2292 Tum
355 2258 526 2292 comitem
546 2260 702 2293 Ascanio
721 2262 825 2304 pater
843 2258 997 2293 addidit.
1059 2258 1144 2292 Ibat
1163 2256 1296 2302 Apollo

241 2311 375 2345 Omnia
393 2311 561 2356 longaevo
580 2312 719 2355 similis,
744 2323 952 2356 vocemque,
977 2310 1218 2356 coloremque,

241 2364 291 2398 En
310 2363 427 2399 crines
446 2365 560 2409 albos,
584 2368 621 2399 et
641 2377 737 2399 saeva
756 2365 947 2399 sonoribus
965 2375 1066 2398 arma
1083 2378 1090 2406 ;

1406 182 1450 205 010

1406 447 1448 468 615

1407 712 1450 734 620

1408 977 1450 999 625

1409 1242 1451 1264 ⁶³0

1409 1509 1451 1530 6'35

1410 1775 1452 1796 ⁶⁴·-

1412 2305 1457 2327 050
