1528 2569
625 99 759 126 LIBER
788 99 847 126 XI.
1305 92 1386 129 213

183 187 309 233 thue
329 188 453 222 volans
471 188 544 222 alte
561 190 707 232 raptum
726 199 841 232 quum
859 187 962 222 fulva
981 188 1173 222 draconem

181 241 268 275 Fert
286 241 419 284 aquila,
441 241 693 285 implicuitque
711 241 833 285 pedes,
856 244 967 285 atque
986 242 1170 285 unguibus
1187 241 1314 284 haesit;

181 293 330 327 Saucius
349 296 387 326 at
405 305 550 337 serpens
569 293 714 327 sinuosa
732 294 918 327 volumina
936 297 1068 337 versat,

180 345 411 389 Arrectisque
430 346 565 388 horret,
587 346 755 389 squamis,
779 349 816 379 et
835 346 956 379 sibilat
974 358 1047 390 ore,

179 398 328 431 Arduus
347 399 534 442 insurgens
551 411 560 439 ;
587 398 651 431 illa
668 398 768 432 haud
787 399 908 432 minus
927 402 1032 442 urget
1050 399 1193 433 adunco

178 450 396 484 Luctantem
414 454 543 493 rostro,
564 451 673 484 simul
691 451 827 484 aethera
844 451 1011 485 verberat
1028 452 1094 485 alis
1112 465 1119 486 :

178 502 291 536 Haud
310 503 415 536 aliter
433 503 594 547 praedam
613 503 805 547 Tiburtum
824 515 868 537 ex
887 504 1029 548 agmine
1049 505 1186 539 Tarcho

178 555 306 589 Portat
325 567 446 590 ovans.
507 556 620 590 Ducis
638 556 845 600 exemplum
863 560 1109 601 eventumque
1129 557 1243 591 secuti

177 608 373 642 Maeonidae
392 609 592 642 incurrunt.
654 609 746 642 Tum
764 609 849 642 fatis
869 609 1012 643 debitus
1032 610 1172 644 Arruns

176 660 349 694 Velocem
364 661 487 704 jaculo
506 664 543 694 et
561 662 680 695 multa
698 662 796 704 prior
814 665 891 695 arte
911 662 1100 695 Camillam

177 712 325 756 Circuit,
349 717 397 755 et,
420 725 502 757 quae
522 714 569 746 sit
589 714 737 747 fortuna
755 714 937 757 facillima,
959 717 1091 749 tentat.

177 765 258 806 Qua
276 777 313 798 se
333 777 475 809 cunque
494 766 618 799 furens
637 766 756 800 medio
775 767 864 799 tulit
883 767 1026 810 agmine
1045 767 1158 810 virgo,

176 817 258 852 Hac
276 820 418 851 Arruns
436 819 547 861 subit,
569 821 606 851 et
624 819 758 852 tacitus
778 819 928 862 vestigia
946 819 1078 852 lustrat
1094 832 1102 860 3

177 870 257 911 Qua
275 871 404 904 victrix
424 871 520 904 redit
538 871 611 913 illa,
634 871 836 915 pedemque
855 883 901 904 ex
919 871 1022 905 hoste
1041 873 1215 915 reportat,

176 922 258 957 Hac
272 923 419 967 juvenis
437 924 566 956 furtim
586 924 715 957 celeres
734 923 929 967 detorquet
948 924 1127 958 habenas:

176 975 257 1009 Hos
276 976 409 1018 aditus,
428 976 577 1019 jamque
595 976 661 1009 hos
680 977 816 1019 aditus,
839 988 1054 1020 omnemque
1074 979 1234 1020 pererrat

176 1027 349 1073 Undique
368 1028 571 1071 circuitum,
594 1031 631 1061 et
650 1032 784 1062 certam
804 1029 923 1072 quatit
942 1029 1126 1073 improbus
1144 1030 1296 1063 hastam.

228 1081 339 1114 Forte
358 1093 456 1114 sacer
475 1081 619 1124 Cybelae
639 1081 826 1124 Chloreus,
848 1082 1006 1125 olimque
1026 1082 1202 1125 sacerdos,

175 1133 333 1177 Insignis
351 1133 457 1177 longe
477 1134 644 1177 Phrygiis
663 1134 825 1177 fulgebat
845 1135 884 1167 in
902 1134 1011 1167 armis
1028 1147 1036 1175 ;

175 1185 486 1230 Spumantemque
505 1187 666 1229 agitabat
685 1198 831 1230 equum,
855 1198 963 1230 quem
983 1187 1087 1230 pellis
1106 1185 1206 1220 aenis

173 1238 219 1272 In
239 1239 400 1283 plumam
420 1238 578 1282 squamis
597 1250 685 1272 auro
704 1242 868 1272 conserta
885 1239 1040 1282 tegebat.

173 1291 267 1335 Ipse,
291 1292 480 1335 peregrina
498 1292 678 1335 ferrugine
699 1292 815 1325 clarus
834 1295 871 1325 et
890 1295 1000 1334 ostro,

177 1343 321 1386 Spicula
339 1344 533 1387 torquebat
553 1344 663 1388 Lycio
683 1344 863 1388 Gortynia
882 1356 993 1378 cor..u
1011 1357 1019 1385 ;

173 1398 318 1430 Aureus
337 1408 382 1430 ex
401 1397 561 1430 humen's
580 1399 685 1430 sonat
704 1408 818 1439 arcus,
842 1400 878 1430 et
897 1408 1006 1430 aurea
1025 1397 1101 1430 vati

173 1448 339 1490 Cassida;
358 1452 439 1482 tum
454 1461 615 1482 croceam
630 1449 930 1493 chlamydemque
945 1450 1119 1493 sinusque
1133 1451 1320 1494 crepantes
1339 1447 1351 1469 ⁷

172 1501 366 1536 Carbaseos
384 1502 486 1535 fulvo
505 1502 544 1535 in
563 1502 701 1535 nodum
721 1502 912 1546 collegerat
931 1514 1030 1545 auro,

170 1554 298 1588 Pictus
317 1566 383 1588 acu
402 1555 556 1596 tunicas,
579 1558 615 1588 et
635 1555 786 1589 barbara
804 1555 965 1599 tegmina
983 1566 1137 1589 crurum.

171 1607 283 1641 Hunc
302 1608 414 1651 virgo,
437 1608 512 1641 sive
530 1610 574 1641 ut
591 1608 737 1652 templis
755 1608 958 1652 praefigeret
977 1619 1076 1641 arma

171 1660 288 1703 Troia,
311 1661 454 1704 captivo
474 1661 549 1694 sive
567 1664 610 1694 ut
630 1672 667 1694 se
685 1662 796 1694 ferret
815 1661 854 1694 in
873 1672 961 1695 auro

169 1712 362 1756 VenatriX‚
384 1725 500 1747 unum
519 1725 565 1747 ex
584 1714 685 1747 omni
703 1714 899 1747 certamine
913 1724 1045 1757 pugnae

170 1765 273 1800 Caeca
291 1766 512 1810 sequebatur
532 1779 541 1807 3
569 1769 763 1810 totumque
783 1767 930 1800 incauta
949 1778 1012 1810 per
1029 1777 1160 1809 agmen

168 1818 357 1853 Foemineo
375 1819 507 1862 praedae
527 1821 564 1852 et
582 1819 778 1863 spoliorum
796 1819 946 1852 ardebat
965 1830 1085 1852 amore
1103 1832 1110 1859 ;

169 1871 298 1905 Telum
316 1883 360 1906 ex
380 1872 520 1905 insidiis
540 1883 654 1915 quum
672 1871 834 1914 tandem,
856 1874 1019 1915 tempore
1038 1874 1156 1915 capto,

169 1924 350 1968 Concitat,
372 1928 409 1958 et
428 1935 575 1968 superos
593 1925 735 1958 Arruns
755 1924 804 1957 sic
823 1935 910 1957 voce
929 1927 1097 1968 precatur
1118 1936 1125 1958 :

171 1976 354 2011 “Summe
373 1977 505 2019 Deum,
528 1977 643 2011 sancti
662 1980 782 2010 custos
803 1976 958 2010 Soractis
977 1976 1122 2020 Apollo,

168 2028 285 2071 Quem
303 2030 412 2074 primi
431 2030 592 2073 colimus,
616 2030 673 2063 cui
692 2030 822 2073 pineus
841 2029 947 2063 ardor
966 2040 1093 2062 acervo

168 2082 347 2125 Pascitur,
370 2086 406 2116 et
425 2083 587 2116 medium
605 2083 690 2116 freti
708 2083 844 2126 pietate
863 2094 927 2126 per
944 2082 1066 2125 ignem

168 2135 334 2170 Cultores
352 2136 470 2169 multa
487 2136 683 2179 premimus
701 2135 854 2179 vestigia
871 2137 990 2178 pruna
1008 2147 1016 2176 ;

166 2188 235 2230 Da,
257 2192 373 2232 pater,
395 2189 462 2222 hoc
481 2189 614 2222 nostris
631 2188 767 2222 aboleri
785 2187 941 2221 dedecus
959 2187 1080 2230 armis,

167 2240 414 2285 Omnipotens.
475 2241 563 2274 Non
581 2241 743 2283 exuvias,
765 2240 923 2284 pulsaeve
942 2243 1120 2284 tropaeum

166 2293 342 2337 Virginis,
365 2297 430 2327 aut
448 2294 562 2337 spolia
580 2294 655 2328 ulla
672 2297 757 2338 peto
777 2306 785 2334 ;
813 2293 904 2326 mihi
923 2296 1042 2327 cetera
1059 2292 1202 2327 laudem

167 2346 279 2380 Facta
297 2347 415 2402 ferent
436 2359 442 2381 ε
470 2346 548 2380 haec
567 2346 645 2380 dira
663 2358 744 2380 meo
763 2345 852 2379 dum
870 2345 1020 2379 vulnere
1038 2345 1150 2389 pestis

1344 661 1384 683 761

1342 923 1382 945 765

1340 1184 1381 1207 770

1337 1974 1379 1997 785

1334 2237 1375 2261 790
