1528 2569
651 97 786 127 LIBER
815 97 876 127 XI.
1325 91 1372 131 2]
1385 92 1408 130 5

197 183 447 231 Tyrrhenique
464 184 587 230 duces,
607 185 843 231 Evandrique
861 185 1020 221 Arcades
1038 185 1115 221 alae.
1367 186 1410 206 ⁸³⁵

197 238 398 272 AtTn'viae
416 240 537 272 custos
550 238 772 283 jamdudum
789 239 829 272 in
847 238 1033 273 montibus
1052 238 1140 283 Opis

198 291 287 325 Alta
304 290 406 325 sedet
424 291 587 334 summis,
609 294 822 336 spectatque
839 291 1008 325 interrita
1024 303 1165 336 pugnas
1185 304 1192 327 :

198 342 324 388 thue
342 343 480 388 procul,
501 343 621 378 medio
635 343 817 388 juvenum
835 343 874 377 in
892 343 1047 378 clamore
1065 343 1270 388 furentum,

197 394 393 441 Prospexit
409 395 509 430 tristi
525 395 721 431 multatam
739 398 856 430 morte
875 395 1079 440 Camillam,

197 447 468 494 Ingemuitque‚
491 447 666 493 deditque
682 447 749 483 has
766 447 841 483 imo
857 450 1003 493 pectore
1021 459 1128 483 voees
1147 461 1155 484 :
1368 447 1411 468 ⁸⁴⁰

201 500 326 536 “Heu
343 502 352 535 !
380 499 548 544 nimium,
569 499 684 546 virgo,
704 499 861 536 nimium
877 499 1023 536 crudele
1041 499 1147 537 luisti

197 551 437 598 Supplicium,
459 552 613 589 Teucros
631 555 760 588 conata
776 553 948 588 lacessere
966 552 1062 588 bello
1079 565 1089 589 z

197 605 280 642 Neo
296 606 367 641 tibi
383 605 535 641 desertae
553 604 593 641 in
611 605 732 641 dumis
749 605 901 641 coluisse
918 605 1075 641 Dianam

197 658 359 703 Profuit,
379 662 445 694 aut
462 661 606 694 nostras
622 658 777 693 humero
792 657 941 702 gessisse
958 657 1156 703 pharetras.

197 710 288 746 Non
304 713 430 745 tamen
447 710 654 746 indecorem
670 714 737 746 tua
754 712 793 745 te
811 710 936 755 regina
953 711 1137 755 relinquet
1367 710 1409 731 ⁵⁴⁵

197 763 374 798 Extrema
387 763 468 808 jam
485 764 523 797 in
542 766 659 798 morte
678 777 687 806 ;
715 775 834 807 neque
853 763 922 797 hoc
940 764 1017 797 sine
1035 764 1182 797 nomine
1201 765 1319 799 letum

197 816 271 851 Per
287 818 415 861 gentes
432 816 511 859 erit,
534 819 600 850 aut
617 816 751 850 famam
770 816 918 860 patieris
934 816 1064 850 inultae
1081 828 1088 850 ε

199 869 298 904 Nam
316 869 524 913 quicunque
543 871 651 902 tuum
669 868 820 902 violavit
839 868 989 902 vulnere
1008 880 1148 912 corpus,

198 921 322 956 Morte
340 922 419 955 luet
438 921 603 955 melita.”
659 922 748 955 Fuit
767 921 894 965 ingens
914 924 1039 954 monte
1058 921 1126 955 sub
1145 921 1221 955 alto

198 975 310 1019 Regis
329 974 511 1008 Dercenni
529 977 673 1007 terreno
693 986 739 1007 ex
757 985 885 1018 aggere
904 974 1056 1007 bustum
1370 973 1411 993 ⁸⁵)

198 1027 358 1071 Antiqui
375 1026 580 1070 Laurentis,
602 1029 787 1071 opacaque
806 1027 886 1060 ilice
906 1029 1046 1060 tectum
1064 1039 1070 1061 :

200 1080 274 1114 Hic
292 1080 370 1114 Dea
388 1091 425 1114 se
442 1080 602 1123 primum
619 1080 746 1123 rapido
764 1079 1005 1123 pulcherrima
1022 1079 1105 1112 nisu

200 1132 318 1176 Sistit,
340 1135 377 1166 et
395 1132 597 1166 Arruntem
615 1132 758 1165 tumulo
778 1132 986 1176 speculatur
1005 1132 1050 1165 ab
1069 1132 1155 1167 alto,

199 1185 254 1219 Ut
272 1185 367 1219 vidit
384 1185 585 1229 fulgentem
604 1185 725 1228 armis,
747 1196 788 1218 ac
806 1196 900 1218 vana
917 1187 1135 1227 tumentem,

203 1239 226 1257 “
241 1237 352 1281 Cur,''
369 1238 504 1281 inquit,
530 1239 555 1256 ‘⁶
570 1237 735 1271 diversus
753 1237 831 1271 abis
848 1237 860 1270 2
886 1237 959 1270 huc
977 1237 1090 1280 dirige
1109 1248 1267 1281 gressum
1289 1250 1300 1280 ;
1368 1236 1411 1257 8⁵⁵

199 1290 299 1334 Huc,
320 1291 491 1334 periture,
514 1290 598 1323 veni
618 1303 625 1331 ;
655 1290 773 1334 capias
791 1293 834 1323 ut
853 1290 962 1333 digna
982 1289 1143 1324 Gamfflae

199 1343 357 1377 Praemia
377 1355 384 1377 ε
412 1345 502 1376 tunc
521 1343 630 1376 etiam
649 1343 732 1376 telis
750 1343 902 1376 moriere
920 1343 1049 1376 Dianae
1065 1342 1076 1376 2
1090 1342 1111 1359 '²

198 1395 306 1431 Dixit
326 1409 334 1437 3
363 1398 400 1429 et
419 1398 548 1429 aurata
566 1395 751 1429 volucrem
770 1395 936 1429 Threissa
955 1395 1122 1438 sagittam

198 1448 433 1493 Deprompsit
453 1449 636 1492 pharetra,
660 1459 844 1492 cornuque
863 1448 1006 1481 infensa
1023 1448 1196 1492 tetendit,

199 1501 249 1535 Et
269 1501 377 1535 duxit
392 1501 511 1545 longe,
535 1501 650 1534 donec
670 1505 819 1534 curvata
838 1501 975 1534 coirent
1368 1500 1411 1520 ⁸⁶⁰

200 1554 305 1588 Inter
323 1566 360 1588 se
380 1555 510 1598 capita,
533 1557 570 1588 et
589 1554 756 1587 manibus
770 1554 848 1596 jam
867 1556 1034 1598 tangeret
1055 1554 1181 1598 aequis,

200 1607 312 1641 Laeva
331 1607 444 1641 aciem
462 1607 560 1650 ferri,
583 1604 711 1641 dextr-21
729 1618 914 1651 nervoque
934 1607 1117 1651 papillam.

199 1660 396 1704 Extemplo
415 1660 480 1694 teli
499 1660 691 1693 stridorem
710 1671 887 1704 aurasque
907 1663 1077 1693 sonantes

200 1713 331 1747 Audiit
350 1725 424 1747 una
443 1713 595 1756 Arruns,
618 1713 798 1756 haesitque
817 1713 855 1746 in
876 1724 1021 1756 corpore
1039 1712 1185 1746 ferrum.

199 1765 310 1800 Illum
331 1766 576 1810 exspirantem
596 1765 682 1799 socii
700 1768 811 1809 atque
830 1768 993 1798 extrema
1011 1768 1219 1808 gementem
1368 1764 1411 1785 3⁶⁵

201 1818 318 1852 Obliti
335 1819 460 1863 ignoto
480 1829 689 1861 camporum
707 1818 745 1851 in
765 1818 913 1861 pulvere
931 1818 1105 1864 linquunt
1124 1830 1130 1852 :

201 1871 289 1915 Opis
307 1871 354 1905 ad
374 1871 571 1904 aethereum
590 1871 718 1914 pennis
736 1871 901 1904 aufertur
920 1871 1126 1914 Olympum.

255 1924 379 1958 Prima
397 1924 504 1967 fugit,
527 1924 674 1957 (1011111191
693 1923 833 1966 amissa,
856 1923 946 1957 levis
965 1923 1022 1956 ala
1043 1922 1205 1957 Camillae
1222 1936 1231 1965 3

201 1977 354 2011 Turbati
371 1977 520 2020 fugiunt
539 1976 673 2010 Rutuli
691 1989 700 2017 ;
728 1977 823 2020 fugit
842 1987 922 2010 acer
941 1976 1071 2009 Atinas
1082 1989 1091 2018 ;

199 2029 426 2074 Disjectique
444 2030 555 2063 duces
574 2029 800 2072 desolatique
819 2029 971 2072 manipli
1368 2028 1411 2050 8⁷⁰

201 2082 296 2116 Tuta
313 2085 459 2127 petunt,
482 2085 519 2116 et
538 2082 640 2125 equis
659 2082 775 2116 aversi
793 2082 839 2115 ad
859 2082 994 2115 moenia
1012 2082 1182 2116 tendunt.

201 2135 282 2169 Nec
300 2136 494 2180 quisquam
513 2136 691 2168 instantes
709 2135 864 2168 Teucros
883 2135 1071 2179 letumque
1089 2135 1247 2168 ferentes

200 2188 413 2223 Sustentare
433 2189 530 2222 valet
549 2188 644 2231 telis,
666 2191 731 2221 aut
750 2188 875 2222 sistere
894 2190 1019 2222 contra
1035 2201 1045 2230 ;

201 2241 272 2275 Sed
291 2241 393 2274 laxos
411 2241 574 2274 referunt
594 2240 753 2274 humeris
771 2240 1030 2284 languentibus
1049 2252 1152 2274 arcus
1172 2253 1180 2282 ;

201 2292 558 2338 Quadrupedumque
577 2296 722 2337 putrem
737 2305 844 2326 cursu
864 2294 984 2337 quatit
1002 2294 1139 2338 ungula
1159 2305 1326 2337 campum

203 2345 377 2382 Volvitur
395 2346 442 2380 ad
462 2357 584 2380 muros
604 2346 755 2390 caligine
774 2346 944 2380 turbidus
961 2348 1042 2381 atra

1365 2291 1405 2314 875
