1528 2569
657 78 792 108 LIBER
829 79 857 107 1.
1396 69 1420 105 3

205 164 254 201 Et
272 176 431 211 premere
451 169 488 201 et
506 166 607 202 laxas
627 169 734 202 sciret
754 169 839 203 dare
858 168 978 213 jussus
996 167 1164 202 habenas.

205 220 266 254 Ad
284 231 394 264 quem
411 222 492 254 tum
511 220 537 254 J
539 232 613 254 uno
632 222 785 265 supplex
803 222 860 256 his
878 221 1027 255 vocibus
1046 232 1112 255 usa
1131 222 1185 254 est
1205 232 1214 254 z

209 274 234 291 “
248 273 368 316 AEole,
391 273 563 318 (namque
582 274 651 308 tibi
669 275 808 308 Divum
825 277 930 318 pater
947 277 1058 318 atque
1076 273 1268 307 hominum
1288 284 1350 305 rex
1396 270 1421 290 ⁶⁵

207 326 256 359 Et
274 326 432 359 mulcere
451 327 554 360 dedit
573 327 706 361 fluetus
725 329 762 360 et
780 328 908 361 tollere
927 326 1053 371 vento)
1074 340 1082 366 3

208 378 307 412 Gens
325 379 472 413 inimica
490 380 581 413 mihi
600 380 826 423 Tyrrhenum
846 380 995 424 navigat
1014 391 1148 423 aequor,

208 432 319 465 Ilium
337 432 377 465 in
396 432 542 466 Italiam
561 438 712 477 portans
730 434 917 477 victosque
937 433 1094 466 Penates
1111 445 1118 467 :

208 485 339 518 Incute
358 485 433 518 vim
452 486 584 529 ventis,
607 487 882 530 submersasque
902 487 1013 520 obrue
1032 497 1174 529 puppes
1195 498 1203 527 ;

208 539 287 571 Aut
306 550 371 582 age
391 538 550 572 diversos
571 543 606 572 et
627 540 752 583 disjice
771 551 919 582 corpora
937 541 1059 582 ponto.
1397 533 1409 557 7
1411 536 1424 553 ⁰

209 591 303 625 Sunt
322 591 411 624 mihi
429 592 484 624 bis
503 595 641 635 septem
660 592 850 636 praestanti
869 603 1015 635 corpore
1035 591 1073 624 N
1075 590 1241 634 ymphze;

209 644 384 686 Quarum,
406 655 488 688 quae
506 645 624 678 forma
642 645 893 688 pulcherrima,
917 644 1130 687 Deiopeiam

209 697 400 730 connubio
415 697 569 741 jungam
588 697 710 731 stabili
728 697 982 741 propriamque
1002 696 1147 730 dicabo:

211 749 345 783 Omnes
363 752 406 782 ut
426 752 547 783 tecum
566 750 705 783 meritis
724 762 788 793 pro
808 749 943 783 talibus
963 761 1077 782 annos

210 802 355 846 Exigat‚
379 806 416 836 et
435 803 588 846 pulchra
607 803 716 837 faciat
735 806 772 836 te
791 803 891 846 prole
911 801 1138 846 parentem.''
1398 798 1425 821 ⁷⁵

210 856 342 889 AEolus
360 855 438 889 haec
457 859 602 890 contra:
635 857 661 875 ‘⁶
677 856 785 899 Tuus,
811 867 832 889 o
851 855 986 898 regina,
1009 855 1099 898 quid
1119 857 1221 898 optes

210 909 408 953 Explorare
428 909 548 950 labor3
577 909 668 942 mihi
682 909 785 953 jussa
804 920 986 952 capessere
1004 909 1059 942 fas
1080 911 1144 941 est.

211 962 266 996 Tu
284 962 383 1005 mihi,
408 962 652 1006 quodcunque
671 963 739 996 hoc
757 962 870 1005 regni,
892 964 936 995 tu
955 965 1096 1005 sceptra
1114 961 1140 994 J
1142 972 1319 1004 ovemque

212 1015 408 1057 Cone-ilias,
437 1018 480 1048 tu
500 1015 564 1049 das
583 1016 699 1059 «pulis
720 1015 930 1048 accumbere
949 1015 1098 1055 Divum,

212 1068 504 1112 Nilnborumque
523 1069 612 1102 facis
631 1070 964 1112 tempestatumque
984 1066 1210 1111 potentem.’'
1401 1063 1428 1082 ³⁰

213 1121 306 1155 Haec
324 1122 389 1155 ubi
407 1122 517 1164 dicta,
540 1133 669 1155 cavum
690 1123 863 1155 conversa
881 1120 1029 1164 cuspide
1048 1123 1211 1154 montem

215 1175 368 1219 Impulit
388 1175 425 1219 in
444 1175 562 1215 latus;
593 1186 634 1208 ac
652 1175 764 1217 venti,
789 1174 892 1208 velut
911 1174 1053 1217 agmine
1073 1173 1180 1214 facto,

215 1228 295 1269 Qua
314 1228 400 1261 data
419 1231 534 1271 porta,
558 1230 683 1271 ruunt,
708 1230 745 1261 et
763 1230 879 1261 terras
897 1226 1043 1260 turbiue
1061 1226 1225 1270 perflant.

215 1281 419 1315 Incubuere
439 1281 540 1323 mari,
565 1283 760 1324 totumque
780 1292 801 1314 a
820 1280 965 1314 sedibus
985 1279 1066 1312 imis

214 1333 299 1368 Una
317 1334 508 1377 Eurusque
528 1334 722 1377 Notusque
740 1335 856 1366 ruunt
875 1333 1068 1376 creberque
1087 1331 1252 1375 procellis
1404 1328 1430 1346 ³³

214 1387 369 1429 Africus,
395 1390 432 1420 et
451 1389 572 1420 vastos
592 1387 747 1420 volvunt
766 1386 813 1419 ad
832 1386 958 1419 littora
977 1385 1120 1418 fluetus

215 1440 428 1484 Insequitur
447 1440 654 1483 clamorque
673 1439 793 1472 virum
813 1439 1018 1481 stridorque
1037 1437 1245 1471 rudentum.

213 1493 386 1537 Eripiunt
405 1493 526 1526 subito
545 1492 661 1526 nubes
681 1492 885 1535 coelumque
905 1491 1074 1534 diemque

213 1547 434 1580 Teucrorum
453 1558 498 1579 cx
517 1545 648 1579 oculis:
677 1547 790 1589 ponto
808 1556 883 1578 nox
902 1544 1052 1577 incubat
1071 1546 1158 1577 atra.

214 1599 414 1634 Intonuere
433 1599 519 1643 poli,
543 1601 579 1632 et
599 1599 733 1632 crebris
753 1598 863 1631 micat
882 1597 1028 1641 ignibus
1043 1597 1180 1638 aether;
1406 1591 1432 1612 ‘³⁰

215 1653 512 1696 Praesentemque
533 1651 618 1685 viris
636 1652 824 1685 intentant
844 1650 966 1684 omnia
984 1652 1158 1683 mortem:

268 1705 464 1749 Extemplo
483 1705 613 1739 AEneae
631 1705 825 1738 solvuntur
841 1704 972 1747 frigore
991 1703 1162 1736 membra.

218 1759 397 1803 Ingemit;
426 1761 476 1801 et,
499 1758 660 1802 duplices
679 1758 834 1791 tendens
853 1757 898 1790 ad
919 1757 1037 1790 sidera
1055 1756 1203 1800 palmas,

217 1813 318 1846 Talia
338 1823 423 1845 voce
441 1811 572 1845 refert:
607 1812 630 1829 “
644 1810 674 1844 O
693 1813 824 1854 terque
844 1812 1046 1853 quaterque
1065 1809 1163 1842 beati
1183 1811 1188 1841 ί

218 1865 329 1907 Queis
348 1867 432 1898 ante
453 1876 515 1898 ora
534 1866 693 1908 patrum,
716 1863 834 1906 Trojae
854 1863 921 1896 sub
940 1862 1123 1895 moenibus
1142 1861 1238 1903 altis,
1409 1858 1435 1878 ⁹⁵

220 1918 382 1962 Contigit
402 1920 571 1961 oppetere
592 1919 598 1950 ἒ
629 1916 650 1950 ὃ
669 1916 841 1950 Danaum
859 1915 1055 1949 fortissime
1073 1915 1205 1958 gentiS,

219 1971 368 2015 Tydide,
393 1982 499 2004 mene
520 1970 640 2004 Iliacis
660 1969 870 2003 occumbere
891 1967 1026 2012 campis

219 2025 258 2059 N
260 2036 307 2058 on
326 2024 496 2068 potuisse,
521 2026 659 2066 tuaque
678 2022 836 2056 animam
855 2021 949 2055 hanc
968 2020 1154 2054 effundere
1173 2019 1323 2053 dextra!

221 2078 348 2112 Saevus
367 2077 431 2111 ubi
449 2077 522 2110 telo
544 2075 709 2109 rEacidae
724 2075 823 2119 jacet
844 2074 993 2117 Hector,
1019 2073 1083 2106 ubi
1101 2073 1231 2116 ingens

222 2131 407 2175 Sarpedon
425 2143 433 2172 ;
461 2130 526 2163 ubi
544 2132 601 2163 tot
621 2130 752 2163 Simois
771 2130 938 2171 correpta
956 2127 1023 2160 sub
1043 2126 1152 2160 undis
1400 2120 1437 2141 ¹⁰⁰

223 2184 335 2218 Scuta
352 2184 483 2225 virum,
508 2183 711 2227 galeasque,
734 2183 772 2215 et
791 2181 901 2214 fortia
920 2191 1067 2224 corpora
1086 2178 1210 2213 volvit.
1218 2178 1237 2194 '²

276 2237 377 2271 Talia
391 2237 548 2281 jactanti
568 2235 726 2269 stridens
746 2234 929 2278 Aquilone
949 2233 1105 2277 procella

223 2289 360 2324 Velum
379 2290 530 2324 adversa
549 2290 645 2332 ferit,
665 2289 871 2332 fluctusque
890 2287 936 2320 ad
955 2286 1073 2320 sidera
1092 2285 1200 2319 tollit.

224 2342 461 2387 Franguntur
478 2342 586 2376 remi:
614 2345 696 2375 tum
715 2352 822 2385 prora
841 2340 985 2384 avertit,
1009 2341 1046 2372 et
1066 2338 1172 2372 undis

1251 2395 1270 2418 Β
1296 2388 1314 2416 ’2
