1528 2569
652 122 786 150 LIBER
821 122 849 150 1.

199 209 318 251 Quam
336 209 472 244 circum
490 211 664 243 extremae
684 210 814 244 dextra
832 209 1000 253 laevaque
1020 208 1232 253 trahuntur,

198 262 365 297 Coei-ulca
382 262 494 306 glacie
514 265 690 296 concretae
710 266 821 307 atque
838 262 1015 296 imbribus
1034 262 1131 296 atris.

199 316 279 349 Has
296 316 394 349 inter
411 315 642 359 mediamque
661 316 745 350 duae
764 315 978 349 mortalibus
998 315 1102 358 aegris

199 368 356 402 Munere
375 379 550 402 concessae
569 369 707 402 Divum
725 381 732 403 :
761 369 821 402 via
839 371 936 402 secta
953 379 1017 412 per
1035 367 1171 411 ambas,

200 422 380 465 Obliquus
399 433 471 466 qua
490 433 527 455 se
547 421 732 465 signorum
750 424 908 455 verteret
928 421 1026 455 ordo.

199 474 366 508 Mundus
383 477 427 508 ut
446 474 493 508 ad
513 474 699 518 Scythiam
719 475 963 518 thpaeasque
982 473 1118 507 arduus
1136 484 1234 507 arces

200 528 395 571 Consurgit
413 541 421 569 ;
449 527 627 571 premitur
645 528 771 571 Libyae
790 528 951 561 devexus
970 527 1007 560 in
1028 527 1192 560 Austros.

200 580 273 614 Hic
291 583 419 614 vertex
433 581 538 614 nobis
557 592 697 624 semper
715 581 880 614 sublimis
897 593 904 621 3
933 583 971 613 at
989 580 1095 613 illum

199 633 275 667 Sub
293 634 446 677 pedibus
466 633 560 677 Styx
580 636 660 668 atra
678 633 792 676 videt,
814 645 1012 676 manesque
1031 632 1214 676 profundi.

200 687 386 720 Maximus
404 687 464 719 hic
482 687 580 726 flexu
599 686 745 720 sinuoso
764 686 921 719 elabitur
935 686 1076 729 Anguis

199 739 356 782 Circum,
377 750 513 783 perque
532 739 622 772 duas
641 739 679 772 in
697 750 835 772 morem
854 738 1014 771 fluminis
1028 739 1172 781 Arctos,

198 793 329 826 Arctos
344 792 478 826 Oceani
496 794 703 826 metuentes
722 803 867 835 aequore
885 790 989 835 tingi.

198 845 291 888 Illic,
306 848 350 878 ut
368 845 572 889 perhibent,
590 848 654 879 aut
672 845 893 888 intempesta
911 845 994 877 silet
1013 855 1089 877 nox

200 898 359 942 Semper,
377 906 414 931 et
433 899 585 932 obtenta
604 898 806 932 densantur
824 900 931 931 nocte
950 898 1110 931 tenebrae
1129 908 1137 932 ε

200 952 278 985 Aut
297 952 393 985 redit
412 963 434 985 a
451 952 556 985 nobis
575 952 729 994 Aurora,
747 951 917 994 diemque
937 950 1079 984 reducit
1100 963 1108 991 ;

199 1005 352 1049 Nosque
371 1005 435 1038 ubi
453 1005 592 1048 primus
612 1005 714 1048 equis
734 1004 863 1038 Oriens
883 1004 1020 1037 afflavit
1039 1002 1191 1046 anhelis,

200 1058 281 1091 Illic
296 1070 374 1091 sera
392 1058 526 1091 rubens
545 1057 709 1091 accendit
728 1057 868 1090 lumina
887 1056 1035 1100 Vesper.

199 1110 299 1144 Hinc
316 1113 552 1154 tempestates
571 1111 682 1144 dubio
701 1110 914 1154 praediscere
935 1110 1026 1143 coelo

199 1164 410 1207 Possumus,
434 1164 518 1197 hinc
537 1163 734 1207 messisque
755 1163 852 1196 diem
865 1166 1083 1206 tempusque
1102 1161 1246 1195 serendi
1265 1174 1274 1204 ;

199 1217 248 1250 Et
267 1217 413 1260 quando
433 1217 588 1250 infidum
606 1217 714 1250 remis
732 1216 917 1260 impellere
936 1226 1095 1249 marmor

198 1270 399 1304 Conveniat
417 1283 425 1311 ;
454 1270 600 1313 quando
619 1272 776 1303 armatas
791 1269 969 1302 deducere
989 1269 1118 1302 classes
1138 1281 1148 1310 ;

199 1323 277 1357 Aut
295 1323 550 1366 tempestivam
570 1323 681 1366 sylvis
699 1325 862 1356 evertere
880 1322 1016 1365 pinum.

252 1375 291 1409 Ν
293 1388 332 1409 ec
351 1376 486 1409 frustra
505 1375 689 1419 signorum
708 1375 830 1408 obitus
850 1375 1078 1418 speculamur
1097 1376 1134 1408 et
1153 1377 1268 1418 ortus,

200 1428 510 1472 Temporibusque
529 1440 653 1472 parem
672 1428 824 1461 diversis
844 1430 1002 1471 quatuor
1021 1439 1168 1461 annum.

201 1481 370 1525 Frigidus
389 1482 582 1525 agricolam
601 1481 631 1514 si
651 1481 796 1525 quando
817 1481 980 1514 continet
999 1480 1126 1523 imber,

197 1534 333 1577 Multa,
355 1535 475 1568 forent
494 1546 577 1578 quae
595 1546 682 1568 mox
701 1534 792 1567 coelo
810 1533 1036 1578 properanda
1055 1544 1194 1577 sereno,

199 1588 387 1621 Maturare
407 1588 517 1621 datur
537 1600 544 1622 :
573 1587 706 1621 durum
725 1587 894 1631 procudit
909 1590 1030 1620 arator

199 1640 368 1674 Vomeris
387 1641 509 1674 obtusi
528 1640 677 1674 dentem
698 1654 705 1681 ;
735 1643 839 1674 cavat
858 1640 984 1674 arbore
1003 1640 1131 1673 lintres
1151 1652 1161 1681 ;

200 1694 278 1727 Aut
298 1693 418 1738 pecori
437 1694 578 1737 signum
598 1696 662 1727 aut
682 1705 852 1726 numeros
870 1693 1053 1737 impressit
1072 1692 1218 1726 acervis.

199 1746 395 1780 Exacuunt
410 1747 472 1780 alii
492 1747 605 1780 vallos
624 1747 816 1790 furcasque
834 1746 1010 1789 bicornes,

200 1800 324 1844 Atque
343 1800 517 1833 Amerina
531 1803 661 1843 parant
680 1799 790 1833 lentae
809 1799 1010 1832 retinacula
1028 1798 1105 1833 viti.

200 1852 238 1885 N
241 1864 313 1886 unc
331 1853 448 1886 facilis
467 1853 581 1886 rubea
599 1855 748 1886 texatur
770 1852 896 1886 fiscina
915 1853 1035 1895 virga3

201 1905 239 1939 N
241 1917 312 1939 unc
330 1908 465 1939 torrete
484 1906 561 1949 igni
579 1906 712 1949 fruges,
735 1916 833 1939 nunc
852 1905 1007 1949 frangite
1028 1916 1124 1938 saxo.

202 1958 343 2002 Quippe
362 1959 472 1992 etiam
490 1959 592 1992 festis
612 1958 781 2002 quaedam
800 1970 966 1992 exercere
986 1958 1115 1991 diebus

200 2012 271 2045 Fas
286 2013 323 2045 et
337 2011 424 2055 jura
443 2012 569 2044 sinunt
590 2023 598 2045 t
625 2011 722 2045 rivos
742 2011 920 2045 deducere
938 2011 1041 2045 nulla

201 2064 344 2108 Religio
363 2065 494 2107 vetuit,
516 2064 628 2108 segeti
646 2064 872 2108 praetendere
891 2075 1024 2108 sepem,

201 2117 358 2150 Insidias
373 2117 501 2151 avibus
519 2116 650 2160 moliri,
672 2117 863 2151 incendere
882 2128 1021 2160 vepreS‚

202 2169 473 2214 Balantumque
492 2182 636 2214 gregem
655 2170 766 2203 fluvio
785 2181 940 2203 mersare
959 2169 1104 2203 salubri.

202 2222 304 2267 Saepe
323 2223 402 2257 oleo
421 2223 518 2257 tardi
532 2225 647 2257 costas
662 2223 820 2266 agitator
837 2223 939 2256 aselli

202 2275 349 2309 Vilibus
367 2279 432 2310 aut
450 2279 576 2309 onerat
595 2276 711 2319 pomis
737 2289 743 2310 :
771 2275 1002 2320 lapidemque
1020 2277 1205 2309 revertens

201 2328 388 2372 Incusum,
403 2333 467 2362 aut
487 2332 575 2362 atrae
594 2340 749 2362 massam
767 2329 867 2373 piciS‚
889 2329 980 2362 urbe
997 2331 1168 2372 reportat.

256 2382 341 2426 Ipsa
359 2382 436 2416 dies
454 2383 544 2416 alios
563 2382 633 2416 alio
651 2381 754 2416 dedit
773 2382 899 2416 ordine
919 2381 1025 2415 Luna

1357 114 1410 150 ‘29

1372 207 1412 227 ἓξ

1374 470 1415 491 '240

1373 734 1416 755 245

1374 1001 1416 1021 250

1370 1263 1411 1283 235

1373 1531 1414 1552 260

1373 2061 1415 2085 270
