1559 2584
116 78 170 115 28

583 83 770 114 VIRGILII
801 82 955 113 AENEIS.

223 171 364 217 Incipio
383 183 492 216 super
509 171 568 206 his
588 185 595 208 :
619 173 645 191 “
658 172 822 206 Juvenes
841 171 1039 206 fortissima
1055 169 1192 205 frustra

223 225 392 268 Pectora,
415 225 446 259 si
464 224 567 259 vobis
586 225 782 259 audentem
801 227 965 258 extrema
984 223 1115 269 cupido
1134 227 1190 258 est

223 278 330 312 Certa
348 277 463 321 sequi,
494 289 577 322 (111εο
596 278 643 311 sit
662 278 769 311 rebus
788 277 936 311 fortuna
954 277 1086 311 videtis
1101 289 1111 318 3
1389 271 1432 295 ⁸⁵⁰

224 330 420 364 Excessere
439 341 564 364 omnes
582 330 703 374 adytis
721 331 865 374 arisque
882 330 1018 364 relictis

221 383 282 426 Di,
305 382 437 427 quibus
454 382 647 426 imperium
665 383 734 417 hoc
751 385 903 416 steterat
923 396 931 424 ;
958 380 1166 417 succurritis
1184 380 1266 416 urbi

225 435 389 469 Incensae
406 447 413 470 ε
441 436 651 476 moriamur,
673 438 711 469 et
729 435 768 469 111
786 435 907 469 media
924 447 1025 469 arma
1042 445 1200 469 ruamus,

224 487 310 522 Una
329 488 425 521 salus
443 488 562 531 victis,
584 488 724 521 nullam
744 499 886 531 sperare
906 487 1101 521 salutem.''

226 541 283 575 Sic
303 540 431 574 animis
445 541 625 585 juvenum
645 541 746 574 furor
764 540 919 574 additus.
983 540 1088 583 Inde,
1111 542 1202 586 (lupi
1222 553 1288 576 ceu
1392 538 1434 560 ⁸⁵⁵

229 593 420 638 Raptores,
442 596 521 627 atra
540 594 578 627 in
597 594 746 636 nebula,
770 605 861 636 quos
879 593 1044 637 improba
1063 595 1202 628 ventris

225 647 358 691 Exegit
378 658 489 680 caecos
507 646 636 690 rabies,
659 658 678 680 c
690 646 844 690 atulique
862 646 979 679 relicti

226 699 408 734 Faucibus
427 702 640 744 exspectant
660 700 776 745 siccis)
795 712 802 741 ;
830 711 894 743 per
912 700 998 742 tela,
1017 711 1081 743 per
1098 699 1221 734 hostes

226 753 407 787 Vadimus
425 753 524 786 haud
544 752 693 786 dubiam
712 753 749 785 111
769 754 937 795 moitem,
960 752 1163 797 medi-aeque
1183 756 1351 788 tenemus

226 805 337 840 Urltis
356 806 425 839 iter
442 819 448 840 :
477 817 550 840 nox
570 808 649 839 atra
668 803 753 839 cava
772 805 1007 839 circumvolat
1027 806 1157 840 umbra
1395 803 1436 823 ³⁰⁰

280 859 369 900 Quis
388 859 526 892 cladem
545 859 642 892 illius
661 858 790 901 noctis,
813 858 894 902 quis
912 859 1042 892 funera
1059 859 1170 893 fando

224 911 420 955 Explicet?
447 915 511 945 aut
530 912 643 955 possit
661 911 829 955 lacrymis
848 923 991 955 aequare
1010 912 1170 945 labores?

226 964 323 998 Urbs
342 965 494 1008 antiqua
513 965 599 1007 ruit,
622 965 758 997 multos
777 964 963 997 dominata
982 976 1045 1008 per
1063 976 1177 998 annos
1194 977 1204 1007 3

225 1017 391 1052 Plurima
409 1029 543 1061 perque
558 1017 635 1050 vias
655 1020 870 1050 sternuntur
887 1017 1020 1050 inertia
1038 1018 1173 1061 passini

228 1070 385 1114 Corpora
404 1082 539 1114 perque
559 1070 685 1103 domos
705 1073 742 1103 et
761 1070 925 1113 religiosa
944 1070 1104 1103 Deorum
1398 1067 1441 1089 ⁸⁶⁵

226 1123 380 1157 Limina.
442 1123 479 1156 N
483 1134 521 1156 ec
540 1123 607 1156 soli
625 1134 751 1166 poenas
771 1123 860 1156 dant
880 1123 1054 1166 sanguine
1074 1122 1227 1159 Teucrit

228 1176 422 1216 Quondam
441 1175 553 1209 etiam
573 1175 678 1209 victis
697 1175 792 1209 redit
811 1176 849 1208 in
868 1176 1066 1219 praecordia
1084 1176 1213 1219 virtus,

227 1228 469 1272 Victoresque
490 1229 626 1262 cadunt
645 1228 764 1262 Danai
782 1241 788 1263 :
818 1228 976 1262 crudelis
995 1228 1132 1272 ubique

227 1281 378 1325 Luctus,
400 1281 536 1325 ubique
556 1293 681 1325 pavor,
704 1284 740 1315 et
759 1281 917 1325 plurima
935 1282 1063 1315 mortis
1083 1282 1212 1324 imago.

228 1335 375 1368 Primus
395 1346 431 1368 se
451 1334 632 1378 Danaum,
654 1337 786 1378 magna
806 1335 1004 1368 comitante
1024 1331 1181 1378 caterva,
1402 1330 1446 1354 ⁸⁷⁰

227 1388 443 1431 Androgeus
462 1388 566 1421 offert
586 1388 701 1430 nobis,
723 1388 818 1422 socia
836 1388 979 1432 agmina
998 1388 1147 1421 credens

229 1441 390 1482 Inscius3
419 1443 529 1484 atquc
548 1441 645 1474 ultro
665 1441 785 1474 verbis
805 1441 997 1484 compellat
1017 1441 1159 1476 amicis:

233 1496 256 1512 “
271 1494 470 1536 Festinate,
494 1493 579 1527 viri:
609 1505 694 1527 nani
713 1506 795 1537 quze
810 1496 887 1527 tam
906 1505 984 1527 sera
1003 1496 1166 1528 moratur

229 1546 430 1590 Segnities?
457 1546 518 1580 alii
537 1547 684 1590 rapiunt
703 1546 849 1580 incensa
867 1547 1063 1590 feruntque

230 1600 425 1643 Pergama:
455 1611 519 1632 vos
539 1599 603 1632 cel>
612 1599 641 1632 is
661 1611 758 1633 nunc
779 1600 935 1643 primum
956 1611 977 1633 a
995 1599 1149 1633 navibus
1168 1599 1277 1633 itis?'’
1405 1596 1447 1620 37³

230 1653 356 1687 Dixit:
386 1655 423 1686 et
443 1653 625 1696 extemplo
647 1653 779 1697 (neque
799 1653 896 1685 enim
915 1664 1086 1696 responsa
1105 1652 1288 1686 dabantur

230 1706 323 1740 Fida
342 1706 444 1750 satis)
463 1705 575 1739 sensit
594 1705 731 1738 modios
751 1706 918 1749 delapsus
938 1705 975 1738 in
995 1705 1135 1739 hostes:

232 1758 445 1802 Obstupuit,
466 1761 637 1801 retroque
657 1758 786 1802 pede-m
805 1770 888 1791 cum
907 1770 992 1792 voce
1012 1759 1192 1802 repressit.

232 1811 475 1855 Improvisum
495 1812 607 1854 aspris
627 1811 742 1845 veluti
762 1811 826 1855 qui
845 1811 1008 1844 sentibus
1027 1823 1182 1855 anguem

232 1864 370 1898 Pressit
388 1864 492 1898 humi
510 1865 643 1907 niti-ns,
665 1865 902 1908 trepidusque
921 1867 1068 1908 repente
1087 1864 1222 1908 refugit
1409 1860 1452 1882 ⁸⁰⁰

232 1917 476 1951 Attollentem
495 1918 578 1958 iras,
601 1920 637 1951 et
658 1918 792 1951 coerula
811 1918 903 1951 colla
922 1920 1146 1952 tumentem:

233 1970 346 2004 Haud
366 1982 468 2004 secus
487 1971 703 2014 Androgeus
722 1971 802 2004 visu
820 1971 1054 2004 tremefactus
1073 1970 1206 2005 abibat.

233 2023 423 2064 Irruimus,
447 2023 568 2057 densis
588 2027 624 2057 et
643 2023 968 2058 circumfundimur
986 2023 1094 2057 armis
1111 2036 1120 2065 3

234 2075 456 2120 Ignarosque
475 2077 544 2110 loci
562 2077 695 2120 passim
714 2079 751 2110 et
769 2076 963 2110 formidine
983 2079 1106 2120 captos

234 2129 437 2163 Sternimus
454 2143 462 2172 ;
491 2129 625 2173 aspirat
643 2130 759 2173 primo
778 2130 926 2163 fortuna
943 2129 1067 2163 labori.
1411 2125 1454 2148 ⁸³⁵

233 2182 358 2226 Atque
376 2182 435 2216 hie
454 2183 641 2216 exsultans
659 2194 825 2216 successu
843 2181 1046 2226 animisque
1066 2181 1240 2215 Coroebus
1256 2194 1265 2217 2

239 2235 265 2253 “
281 2234 311 2267 O
331 2236 427 2278 socii,
453 2247 525 2279 qua
543 2236 695 2279 p1·ima,''
718 2235 851 2278 inquit,
879 2236 902 2253 ‘⁶
918 2235 1067 2268 fortuna
1086 2234 1214 2267 salutis

235 2286 422 2321 Monstrat
442 2288 522 2331 iter,
546 2300 690 2332 quaque
710 2288 870 2321 ostendit
889 2299 926 2321 se
945 2288 1087 2330 dextra,
1110 2298 1315 2331 sequamur.

235 2339 425 2374 Mutemus
445 2341 599 2384 clypeos,
623 2341 864 2385 Danaumque
884 2340 1039 2384 insignia
1056 2340 1161 2373 nobis
