1559 2584
127 83 204 119 176

595 95 699 121 VIRG
707 95 782 121 11,ss
816 95 970 122 mxl-218.

236 181 300 213 Ast
319 180 411 224 legio
432 180 643 215 AE=1eads1m
661 182 766 215 vallis
786 182 929 216 obsessa
947 185 1095 216 tenetur
1116 196 1122 224 3
1409 179 1448 201 ¹²⁰

230 234 311 267 Nec
330 246 409 277 spes
429 234 504 267 ulla
523 235 619 278 fugae
640 247 646 269 :
676 235 797 268 miseri
815 238 916 268 stant
935 235 1097 269 turribus
1118 236 1200 270 altis

230 286 269 320 N
272 287 498 330 equicquam,
523 290 560 320 et
578 290 660 321 rara
677 298 800 321 muros
819 288 963 322 cinxere
982 291 1125 332 corona,

230 339 342 373 Asius
361 339 591 383 Imbrasides,
617 340 928 385 Hicetaoniusque
948 341 1171 384 Thymoetes,

231 393 470 436 Assaracique
490 393 573 435 duo,
599 396 635 426 et
657 394 776 427 senior
796 405 876 427 cum
899 394 1045 428 Castore
1066 395 1269 438 Thymbris‚

232 445 357 479 Prima
376 446 470 479 acies
487 459 493 480 :
522 446 589 479 hos
607 447 770 490 germani
790 447 1008 491 Sarpedonis
1027 448 1145 490 ambo,
1413 444 1451 464 ¹²⁵

232 498 282 532 Et
303 498 429 532 Clarus
449 502 485 532 et
504 499 680 543 Themon,
704 499 816 544 Lycia
837 500 1059 533 comitantur
1077 501 1122 534 ab
1143 501 1228 534 alta.

231 551 320 585 Fert
339 551 466 595 ingens
485 555 564 586 toto
585 553 762 586 connixus
782 564 928 597 corpore
949 565 1089 596 saxum,

233 604 347 638 Haud
366 608 507 648 partem
527 606 695 649 exiguam
715 606 863 649 montis,
885 606 1100 649 Lyrnessius
1119 607 1274 649 Acmon,

233 658 269 691 N
274 669 313 691 ec
329 658 449 702 Clytio
464 658 627 702 genitore
646 660 776 702 minor,
799 671 865 693 nec
884 659 996 693 fratre
1016 659 1240 693 Menestheo.

233 710 288 744 Hi
311 711 455 755 jaculiS,
477 712 531 745 illi
551 715 693 746 certant
713 713 908 746 defendere
927 713 1034 755 saxis,
1416 709 1453 730 ¹²⁰

234 765 433 808 Molirique
453 765 587 809 ignem,
609 777 797 810 nervoque
821 769 946 810 aptare
966 766 1126 810 sagittas.

235 818 318 861 Ipse
337 817 433 851 inter
451 819 601 862 medios,
625 819 779 853 Veneris
794 819 998 863 justisima
1017 830 1111 861 cura,

235 871 443 904 Dardanius
462 874 581 915 caput,
606 884 698 915 ecce,
721 884 811 915 puer
829 872 996 906 detectus
1014 872 1222 915 honestum,

236 924 361 964 Qualis
379 936 533 968 gemma,
556 926 678 968 micat,
701 925 845 959 fulvum
866 936 948 969 quae
968 925 1101 959 dividit
1121 937 1260 967 aurum,

235 978 314 1010 Aut
333 977 425 1011 collo
445 978 567 1020 decus,
590 982 655 1012 aut
675 979 786 1022 capiti
806 992 813 1019 ;
842 979 901 1011 vel
921 979 1027 1022 quale
1047 990 1110 1022 per
1130 982 1246 1012 artem
1417 975 1455 995 ¹³⁵

236 1030 425 1063 Inclusum
445 1031 557 1074 buxo,
580 1034 644 1065 aut
665 1031 785 1064 Oricia
803 1031 1022 1074 terebintho,

236 1083 351 1116 Lucet
372 1083 462 1117 ebur
482 1096 489 1118 :
518 1085 618 1117 fusos
639 1084 759 1118 cervix
777 1084 835 1117 cui
854 1084 971 1117 lactea
990 1084 1105 1117 crines

236 1136 393 1180 Accipit,
416 1138 453 1170 et
471 1137 575 1170 molli
594 1137 780 1171 subnectit
801 1137 956 1170 circulus
976 1149 1073 1170 aurs).

236 1189 285 1222 Te
298 1201 443 1234 quoque
463 1190 706 1234 magnanimae
725 1191 908 1233 viderunt,
933 1190 1083 1233 Ismaro,
1106 1193 1232 1234 gentes

236 1241 402 1276 Vulnera
421 1243 586 1287 dirigere,
610 1246 646 1277 et
666 1244 821 1277 calamos
841 1255 979 1277 armare
994 1255 1146 1286 veneno,
1421 1241 1459 1261 ¹⁴⁰

236 1295 399 1330 Maeonia
416 1308 587 1340 generose
608 1297 715 1330 domo
734 1309 740 1331 :
769 1297 833 1330 ubi
851 1297 1001 1341 pinguia
1020 1297 1120 1330 culta

237 1348 494 1394 Exercentque
515 1350 593 1393 viri,
620 1350 867 1394 Pactolusque
887 1350 1013 1394 irrigat
1033 1362 1130 1383 auro.

237 1402 357 1436 Affuit
377 1405 413 1436 et
434 1402 664 1446 Mnestheus,
688 1415 794 1447 quem
815 1403 912 1447 pulsi
930 1403 1085 1447 pristina
1105 1403 1217 1436 Turni

237 1456 379 1499 Aggere
398 1467 595 1490 moerorum
616 1457 808 1490 sublimem
829 1457 942 1500 gloria
961 1456 1059 1490 tollit
1076 1469 1084 1497 3

237 1508 288 1542 Et
308 1509 425 1553 Capys
447 1521 453 1543 :
482 1509 569 1543 hinc
588 1521 721 1543 nomen
745 1511 940 1553 Campanae
960 1509 1108 1543 ducitur
1127 1509 1219 1543 urbi.
1421 1507 1460 1526 ¹⁴⁵

294 1561 361 1595 Ille
380 1562 478 1596 inter
497 1575 573 1596 sese
588 1563 671 1596 duri
691 1563 888 1596 certamina
906 1562 993 1596 belli

238 1614 479 1649 Contulerant
499 1629 507 1657 ;
535 1616 657 1649 media
676 1616 813 1649 AEneas
833 1617 927 1649 freta
945 1618 1052 1649 nocte
1072 1615 1225 1649 secabat.

240 1668 423 1713 Namque,
447 1672 488 1702 ut
509 1669 554 1702 ab
575 1669 746 1703 Evandro
768 1669 894 1702 eastris
912 1669 1094 1713 ingressus
1114 1668 1290 1711 Etruscis,

238 1721 377 1765 Regem
397 1722 488 1765 adit,
511 1725 547 1756 et
566 1723 642 1766 regi
660 1725 838 1756 memorat
858 1733 1064 1766 nomenque
1083 1733 1271 1765 genusque
1292 1735 1299 1763 ;

241 1773 384 1815 Quidve
403 1778 517 1819 petat,
542 1776 677 1819 quidve
697 1776 774 1819 ipse
794 1775 889 1808 ferat
910 1788 918 1816 ;
947 1775 1155 1808 Mezentius
1173 1786 1274 1808 arma
1423 1772 1461 1792 ¹³⁰

240 1828 331 1868 Quae
351 1828 419 1861 sibi
438 1829 616 1872 conciliet,
640 1829 878 1872 violentaque
897 1830 1045 1872 pectora
1063 1828 1187 1870 Turni,

238 1880 398 1923 Edocet;
427 1882 597 1915 humanis
617 1894 699 1926 quae
720 1882 766 1915 sit
787 1882 921 1915 fiducia
939 1881 1047 1915 rebus

237 1934 435 1977 Admonet,
460 1935 712 1979 immiscetque
733 1946 864 1979 preces.
926 1934 1039 1967 Haud
1060 1934 1101 1967 fit
1122 1945 1224 1967 mora
1242 1946 1249 1975 ;
1279 1933 1417 1968 Tarcho

236 1987 264 2020 J
266 1988 372 2032 ungit
392 2000 490 2032 opeS,
512 1988 707 2032 foedusque
726 1989 811 2021 ferit
830 2001 836 2022 :
866 1991 946 2022 tum
966 1987 1080 2020 libera
1099 1987 1167 2020 fati

238 2041 397 2074 Classem
417 2041 627 2075 conscendit
651 2041 762 2085 jussis
781 2053 868 2085 gens
888 2040 1005 2085 Lydia
1023 2041 1161 2074 Divum
1423 2037 1462 2057 ¹⁵⁵

238 2093 401 2128 Externo
418 2095 607 2128 commissa
627 2095 721 2128 duci.
784 2094 917 2127 AEne'ia
936 2093 1068 2138 puppis

238 2146 363 2180 Prima
381 2150 495 2190 tenet,
518 2151 635 2181 rostro
655 2147 834 2191 Phrygios
854 2147 1050 2190 subjuncta
1069 2146 1190 2179 leones
1211 2157 1218 2187 ;

238 2200 414 2234 Imminet
436 2201 504 2234 Ida
524 2213 643 2244 super,
666 2200 828 2244 profugis
848 2200 1053 2244 gratissima
1072 2198 1229 2235 Teucris.

238 2253 312 2287 Hic
331 2265 486 2297 magnus
506 2255 608 2288 sedet
625 2254 774 2296 AEncas,
798 2264 993 2297 secumque
1013 2252 1158 2286 volutat

239 2305 405 2341 Eventus
425 2307 512 2340 belli
530 2307 649 2341 varios
667 2321 673 2342 :
703 2306 910 2351 Pallasque,
933 2305 1080 2339 sinistro
1423 2302 1464 2323 ¹⁶⁰

240 2360 382 2394 Affixus
400 2360 518 2404 lateri,
536 2360 615 2405 jam
635 2360 766 2404 quaerit
786 2360 917 2403 sidera,
938 2369 1059 2403 opacae
