1559 2584
111 54 193 92 208

588 59 776 88 VIRGILII
804 58 957 87 AENEIS.

217 150 417 191 Infantem,
440 146 584 191 fugiens
603 146 724 180 media
743 146 841 179 inter
857 145 982 190 praelia.
999 145 1098 186 belli,

218 202 376 237 Sustulit
397 200 524 234 exsili>
545 199 728 241 comitem,
751 199 951 242 matrisque
973 210 1076 232 voca»
1085 198 1115 232 it

217 255 378 290 Nomine
399 252 586 295 Camillus,
609 253 752 285 mutata
771 254 885 294 parte,
910 251 1111 286 Camillam.

217 309 313 352 Ipse,
334 306 417 340 sinu
435 317 510 349 prae
529 316 566 338 se
585 307 746 349 portans,
763 303 855 347 juga
873 304 981 348 longa
999 304 1147 348 petebat

218 361 385 395 solorum
405 369 593 391 nemorum
615 370 622 391 ε
651 357 725 390 tela
742 357 907 400 undique
926 368 1022 390 saeva
1042 356 1254 400 premebant
1272 367 1284 399 ;

219 413 269 447 Et
288 411 506 446 circumfuso
529 410 733 444 volitabant
752 409 867 442 milite
887 409 1021 443 Volsci,

218 466 323 508 Ecce,
345 464 442 507 fugae
462 463 594 505 medio,
617 462 766 496 summis
786 463 990 496 Amasenus
1009 461 1200 496 abundans

218 517 419 562 spumabat
438 516 537 559 ripis,
558 518 686 549 tantus
706 526 742 548 se
762 514 922 548 nubibus
940 514 1057 548 imber

217 571 385 614 Ruperat
406 581 413 603 :
443 569 514 611 ille,
538 569 665 602 innare
685 579 827 611 parauS,
850 567 1002 601 infantis
1021 578 1142 601 amore

218 623 412 664 Tanlatur,
436 633 590 666 caroque
610 621 710 654 oneri
728 621 836 653 timet
857 632 864 654 :
893 619 1015 654 omnia
1033 630 1156 653 secum

219 675 395 710 Versauti
414 674 536 708 subito
557 674 618 708 vix
637 673 715 707 haec
735 673 917 706 sententia
937 672 1039 706 sedit.

219 730 348 763 Telum
367 728 539 770 immane,
561 738 673 760 manu
692 726 816 760 valida
835 725 934 770 quod
953 726 1047 759 forte
1066 724 1213 769 gerebat

220 782 397 823 Bellator‚
420 779 577 813 solidum
597 779 702 813 nodis
722 781 759 812 et
778 778 905 812 robore
925 781 1027 812 cocto
1045 792 1053 819 3

220 835 323 869 Huic
342 835 481 875 natam,
503 833 596 866 libro
615 835 652 865 et
673 831 842 875 sylvestri
861 831 989 864 subere
1009 831 1180 873 clausam,

222 887 406 931 Implicat,
429 886 540 929 atque
559 885 719 918 habilem
738 884 868 918 mediae
887 883 1113 927 circumligat
1131 883 1244 916 hastae
1265 895 1275 924 ;

222 940 342 981 Quam
361 938 492 972 dextra
509 937 650 982 ingenti
669 937 805 970 librans
823 937 876 970 ita
895 936 940 970 ad
960 937 1098 970 aethera
1116 936 1216 969 fatur
1233 948 1240 969 z

226 994 236 1011 ‘
250 992 370 1033 Alma,
392 989 462 1023 tibi
480 991 587 1033 hanc,
609 1001 800 1023 nemorum
819 989 954 1022 cultrix
975 988 1130 1022 Latonia
1147 988 1262 1032 virgo,

223 1045 307 1089 Ipse
326 1047 428 1088 pater
447 1042 623 1077 famulam
643 1054 756 1075 voveo
776 1055 784 1083 ;
813 1044 879 1075 tua
897 1041 1013 1085 prima
1032 1052 1096 1085 per
1114 1051 1220 1074 auras

224 1097 311 1131 Tela
329 1099 459 1130 tenens
478 1095 632 1140 supplex
650 1094 793 1128 hostem
812 1093 907 1138 fugit
927 1106 932 1127 :
962 1094 1095 1137 accipe,
1117 1096 1244 1136 testor,

223 1150 332 1192 Diva,
354 1152 469 1191 tuam,
493 1159 574 1192 quae
594 1158 693 1181 nunc
712 1147 833 1180 dubiis
852 1146 1095 1180 committitur
1112 1145 1235 1179 auris)

224 1202 331 1237 Dixit
349 1215 356 1243 ;
386 1202 423 1235 et
442 1201 602 1235 adducto
623 1202 831 1234 contortum
849 1199 981 1233 hastile
999 1199 1135 1232 lacerto

224 1254 401 1289 Immittit
418 1265 426 1291 :
456 1254 608 1288 sonuere
626 1253 736 1286 undae
758 1266 765 1293 ;
792 1251 961 1295 rapidum
980 1263 1089 1295 super
1106 1262 1251 1285 amnem

226 1308 365 1342 Infelix
384 1307 481 1351 fugit
501 1307 539 1340 in
554 1305 678 1350 jaculo
698 1305 877 1338 stridente
898 1304 1050 1338 Camilla

225 1361 279 1395 At
299 1361 485 1403 Metabus,
508 1361 640 1402 magna
658 1358 806 1402 propius
820 1357 899 1401 jam
919 1360 1070 1401 urgente
1090 1357 1248 1400 caterva,

226 1413 302 1447 Dat
322 1424 396 1447 sese
417 1413 541 1454 fluvio,
565 1415 676 1455 atque
694 1411 836 1444 hastam
857 1421 940 1443 cum
959 1410 1098 1453 virgine
1117 1409 1235 1443 victor

227 1466 437 1509 Grannnoo,
461 1465 598 1498 donum
619 1465 637 1496 'l
648 1463 763 1506 riviae,
785 1463 830 1496 de
850 1463 984 1506 cespite
1003 1462 1116 1497 vellit.

227 1519 266 1552 N
269 1530 316 1552 on
335 1519 441 1552 illum
460 1518 566 1552 tectis
586 1516 683 1559 ullae,
705 1528 780 1549 non
800 1516 982 1549 moenibus
1001 1515 1109 1548 urbes

227 1572 409 1614 Accepere
430 1585 438 1612 3
467 1581 586 1613 neque
605 1569 682 1612 ipse
701 1580 832 1602 manus
851 1568 997 1601 feritate
1017 1567 1178 1601 dedisset
1193 1579 1203 1609 ;

228 1624 425 1657 Pastorum
445 1626 482 1656 et
502 1622 586 1656 solis
606 1621 726 1664 exegit
745 1621 932 1654 montibus
952 1631 1081 1653 aevum.

228 1676 302 1710 Hic
321 1679 447 1709 natam
465 1676 504 1709 in
524 1675 656 1717 dumis,
678 1674 845 1717 interque
864 1673 1051 1706 hom-ntia
1069 1672 1198 1716 lustra,

227 1729 453 1763 Aimentalis
473 1739 577 1772 equae
597 1727 765 1760 mammis
783 1729 820 1759 et
840 1726 934 1759 lacte
953 1725 1070 1758 ferino

228 1781 268 1815 N
270 1781 421 1824 utribat,
444 1780 580 1814 teneris
598 1779 818 1823 immulgens
836 1778 949 1812 ubera
966 1777 1086 1812 labris.

229 1833 356 1878 thue
375 1833 512 1877 pedum
532 1832 658 1876 primis
677 1832 798 1864 infans
818 1830 971 1873 vestigia
989 1829 1126 1874 plantis

229 1886 435 1929 Institerat,
454 1885 578 1930 jaculo
598 1885 737 1928 pa'mas
756 1884 921 1917 oneravit
940 1886 1048 1916 acuto
1068 1896 1076 1924 ;

229 1939 448 1983 Spiculaque
468 1950 512 1972 ex
533 1937 684 1971 humero
703 1948 825 1980 parvae
845 1935 1037 1980 suspendit
1055 1938 1093 1969 et
1111 1945 1235 1969 arcum
1252 1945 1262 1970 ε

229 1992 302 2025 Pro
322 1991 451 2025 crinali
469 2002 570 2034 auro,
592 2001 658 2034 pro
677 1989 795 2033 longae
815 1989 975 2033 tegmine
994 1988 1113 2032 pallae,

229 2044 386 2087 Tigridis
406 2044 549 2077 exuviae
569 2054 633 2086 per
652 2042 801 2076 dorsum
820 2053 841 2075 a
861 2041 996 2075 vertice
1015 2040 1178 2085 pendent
1198 2051 1206 2074 :

230 2097 315 2130 Tela
336 2108 448 2130 manu
463 2097 542 2140 jam
562 2099 642 2129 tum
663 2097 791 2128 tenera
809 2094 964 2138 puerilia
982 2093 1102 2136 torsit,

229 2149 279 2182 Et
297 2149 451 2182 fundam
470 2149 579 2182 tereti
598 2149 733 2182 circum
752 2150 861 2191 caput
880 2147 953 2191 egit
971 2146 1128 2189 habena,

230 2201 552 2245 Strymoniamque
571 2212 698 2245 gruem
717 2203 782 2233 aut
801 2200 927 2233 album
946 2198 1077 2242 dejecit
1096 2198 1243 2234 olorem.

230 2254 366 2288 Multae
384 2254 486 2287 illam
505 2254 642 2288 frustra
660 2253 847 2297 Tyrrhena
864 2263 929 2296 per
947 2250 1080 2295 oppida
1098 2253 1233 2284 matres

232 2306 414 2353 Optavere
433 2317 569 2341 nurum
585 2319 593 2342 :
621 2306 698 2341 sola
717 2307 890 2340 contenta
907 2304 1038 2349 Diana,

1395 353 1437 374 5⁴5

1398 615 1443 636 ⁶⁶0

1400 878 1443 899 ⁵55

1405 1141 1446 1162 560

1406 1404 1449 1425 56⁵

1408 1668 1452 1692 ⁶70

1410 1930 1452 1954 ⁵75

1411 2195 1454 2215 5³0
