1559 2584
146 86 226 126 118

617 95 802 125 VIRGILII
831 94 985 124 AENEIS.

249 183 436 228 Insignem
454 184 606 228 gemmis
622 198 632 227 ;
658 187 740 218 tum
758 184 900 218 fumida
917 183 1054 218 lumine
1072 183 1176 219 fulvo

251 237 410 280 Involvi,
432 249 473 271 ac
491 237 581 271 totis
600 237 810 271 Vulcanum
829 248 993 281 spargere
1007 237 1123 271 tectis.

251 290 297 324 Id
317 302 402 324 vero
420 290 645 324 horrendum
663 302 705 324 ae
722 290 804 324 visu
823 290 987 323 mirabile
1005 290 1111 325 ferri:

250 343 423 388 Namque
442 343 518 376 fore
537 343 717 377 illustrem
735 343 832 376 fama
849 342 1007 386 fatisque
1026 343 1204 377 canebant

250 396 386 440 Ipsam,
408 395 472 429 sed
490 396 625 440 populo
642 408 815 440 magnum
833 395 1049 439 portendere
1066 395 1213 429 bellum.

304 449 357 482 At
375 461 452 492 rex,
475 449 651 482 sollicitus
669 449 855 491 monstris,
877 448 1021 482 oracula
1040 448 1172 492 Fauni,

251 500 409 535 Fatidici
426 502 610 544 genitoris,
633 502 722 545 adit,
745 502 917 545 lucosque
937 501 1004 534 sub
1022 501 1099 534 alta

252 555 418 588 Consulit
437 553 607 589 Albunea
623 568 631 596 ;
659 566 848 587 nemorum
868 566 950 598 quae
969 554 1130 587 maxima
1148 565 1248 587 sacro

252 607 371 641 Fonte
390 610 506 650 sonat,
530 619 736 651 saevamque
757 607 903 640 exhalat
922 618 1033 650 opaea
1051 606 1251 650 mephitim.

252 660 352 694 Hinc
371 660 478 694 Ital-ae
497 663 623 704 gentes
642 661 832 704 omnisque
854 660 1022 693 OEnotria
1041 660 1152 692 tellus

254 712 300 747 In
319 713 439 747 dubiis
456 725 628 757 responsa
646 716 778 758 petunt
799 726 805 747 :
835 713 906 746 huc
926 713 1022 746 dona
1041 712 1205 745 sacerdos

254 766 377 807 Quum
396 767 496 809 tulit,
520 770 556 800 et
576 778 750 800 crsarum
765 766 888 799 ovium
908 766 975 798 sub
994 768 1101 799 nocte
1121 765 1241 798 silenti

254 819 419 853 Pellibus
439 819 607 853 incubuit
627 820 762 862 stratiS,
785 830 1002 862 somnosque
1022 818 1165 862 petivit,

255 873 381 906 Multa
399 872 516 906 modis
536 873 726 906 simulacra
746 872 846 905 videt
866 871 1060 905 volitantia
1079 871 1192 914 miris,

254 925 304 958 Et
324 925 439 959 varias
453 925 557 959 audit
576 937 693 968 voceS,
716 925 924 968 fruiturque
943 925 1105 958 De01um

255 978 458 1022 Colloquio,
480 980 590 1022 atque
610 979 691 1011 imis
711 978 918 1011 Acheronta
937 978 1069 1010 affatur
1088 977 1253 1011 Avernis.

256 1031 329 1064 Hic
348 1033 385 1064 et
404 1034 485 1064 tum
504 1034 607 1074 pater
625 1031 712 1074 ipse,
735 1033 862 1074 petens
881 1041 1063 1073 responsa,
1086 1030 1239 1063 Latinus

256 1083 413 1117 Centum
432 1084 610 1128 lanigeras
628 1083 811 1117 mactabat
824 1083 894 1116 rite
912 1083 1091 1125 bidentes,

256 1137 380 1180 Atque
400 1136 530 1170 harum
550 1137 697 1170 effultus
716 1138 817 1180 tergo
838 1136 1034 1179 stratisque
1049 1135 1195 1179 jacebat

256 1189 472 1223 Velleribus.
535 1189 664 1223 Subita
683 1201 728 1222 ex
747 1189 822 1222 alto
842 1200 914 1222 vox
933 1189 1077 1222 reddita
1096 1189 1176 1222 luco
1196 1191 1251 1223 est
1270 1201 1275 1223 :

259 1244 286 1262 “
302 1242 362 1276 Ne
381 1245 464 1286 pete
480 1242 670 1276 connubiis
689 1245 814 1275 natam
833 1242 966 1275 sociare
985 1241 1138 1284 Latinis,

259 1295 290 1329 O
309 1307 391 1329 mea
409 1295 597 1339 progenies
614 1309 622 1337 ;
650 1295 820 1328 thalamis
838 1306 911 1328 neu
930 1295 1034 1328 crede
1048 1294 1184 1338 paratis
1205 1307 1211 1329 :

258 1348 413 1382 Externi
432 1349 585 1382 veniunt
604 1349 738 1392 generi,
762 1348 825 1392 qui
844 1348 1018 1392 sanguine
1036 1350 1204 1381 nostrum

261 1402 409 1435 Nomen
428 1402 467 1434 in
486 1404 583 1435 astra
597 1402 716 1435 ferant
735 1415 742 1442 3
772 1412 1000 1445 quorumque
1020 1412 1041 1434 a
1055 1401 1167 1445 stirpe
1186 1403 1335 1444 nepotes

261 1454 393 1488 Omnia
413 1455 479 1487 sub
498 1455 664 1498 pedibus,
688 1466 761 1498 qua
781 1454 842 1487 Sol
862 1456 1060 1497 utrumque
1080 1465 1267 1487 recurrens

260 1506 404 1551 Aspicit
424 1507 620 1550 Oceanum,
643 1508 810 1550 vertique
829 1507 976 1550 regique
997 1507 1183 1540 videbunt.
1193 1506 1211 1523 ’⁷

260 1560 352 1594 Haec
371 1571 543 1604 responsa
562 1560 676 1603 patris
697 1560 827 1603 Fauni,
850 1560 1085 1603 monitusque
1106 1559 1230 1593 silenti

260 1614 381 1647 Nocte
400 1613 516 1656 datos,
539 1624 613 1646 non
632 1613 709 1656 ipso
729 1624 793 1646 suo
808 1612 940 1656 premit
960 1624 1020 1646 ore
1040 1612 1193 1645 Latinus
1210 1625 1218 1653 ;

261 1666 332 1701 Sed
353 1666 488 1699 circum
507 1666 581 1699 late
601 1666 760 1699 volitans
775 1666 853 1709 jam
873 1665 986 1698 Fama
1004 1677 1068 1709 per
1086 1665 1194 1698 urbes

261 1719 441 1752 Ausonias
460 1719 609 1761 tulerat,
633 1731 748 1762 quum
769 1718 1032 1751 Laomedontia
1050 1718 1164 1762 pubes

261 1772 457 1806 Gramineo
476 1772 564 1815 ripae
584 1771 750 1815 religavit
768 1772 814 1804 ab
834 1782 960 1815 aggere
980 1771 1138 1805 classem.

282 1822 284 1825 ’
315 1825 466 1868 AEneas,
488 1825 669 1868 primique
689 1824 812 1866 duces,
835 1827 871 1857 et
890 1824 1041 1868 pulcher
1060 1823 1177 1866 Iulus,

262 1878 420 1921 Corpora
440 1877 507 1910 sub
526 1878 634 1911 ramis
653 1877 844 1921 deponunt
864 1877 1001 1910 arboris
1020 1876 1105 1911 altae
1123 1890 1131 1917 3

262 1930 545 1974 Instituuntque
565 1930 687 1974 dapes,
710 1933 746 1964 et
766 1930 897 1963 adorea
916 1930 989 1963 liba
1006 1941 1070 1973 per
1088 1930 1237 1963 herbam

263 1983 474 2027 Subjiciunt
494 1983 610 2027 epulis
631 1983 695 2027 (sic
715 1983 864 2026 Jupiter
883 1982 943 2015 ille
963 1982 1163 2026 monebat),

262 2037 311 2070 Et
332 2036 476 2070 Cereale
492 2037 610 2069 solum
629 2036 746 2080 pomis
766 2035 968 2080 agrestibus
985 2037 1130 2079 augent.

264 2089 498 2133 Consumptis
517 2089 576 2122 hic
595 2089 689 2123 forte
709 2089 802 2131 aliis,
824 2091 867 2122 ut
889 2091 1029 2122 vertere
1047 2098 1188 2121 morsus

262 2143 444 2186 Exiguam
465 2142 503 2175 in
520 2142 685 2176 Cererem
704 2141 856 2186 penuria
870 2141 992 2185 adegit
1011 2141 1155 2183 edendi,

264 2196 312 2229 Et
333 2195 469 2228 violare
484 2206 597 2228 manu
612 2193 790 2238 malisqu’e
810 2194 1009 2228 audacibus
1028 2193 1151 2227 orbem

262 2248 403 2282 Fatalis
423 2247 547 2290 crusti,
565 2248 701 2292 patulis
720 2259 786 2281 nec
805 2258 950 2291 parcere
970 2246 1116 2291 quadris
1137 2258 1143 2279 :

266 2303 292 2319 “
310 2301 415 2334 Heus
433 2302 439 2334 Ε
470 2301 581 2334 etiam
600 2312 743 2334 mensas
763 2299 1008 2333 consumimus
1024 2299 1035 2332 2
1049 2298 1069 2315 ’³
1098 2299 1221 2343 inquit
1241 2299 1360 2343 Iulus,

264 2354 302 2387 N
305 2366 344 2388 ee
364 2354 482 2397 plura,
505 2353 681 2387 alludens.
743 2353 797 2386 Ea
816 2364 888 2385 vox
907 2352 1035 2385 audita
1054 2352 1221 2385 laborum

1435 392 1464 412 80

1440 922 1468 941 {³0

1435 1449 1474 1471 loo

1438 1714 1477 1734 105

1440 1977 1480 1999 1¹⁰

1444 2242 1482 2263 115
