1528 2569
646 129 779 156 LIBER
815 130 870 157 1v.
1367 121 1417 157 73

217 218 255 252 111
278 229 353 251 sese
373 217 480 260 redit,
503 220 614 261 atque
633 217 792 251 hominis
810 217 961 251 tandem
981 229 1041 251 ore
1060 218 1204 251 locutus
1221 230 1283 252 :—

216 272 239 289 “
253 271 352 304 Nam
371 271 452 314 quis
470 274 520 313 te,
539 270 721 314 juvenum
741 271 1061 313 confidentissime,
1084 274 1226 304 nostras

210 323 236 357 J
239 324 328 357 ussit
341 323 439 357 adire
452 324 578 357 domos
594 324 605 357 2
630 323 765 367 quidve
780 323 864 357 hinc
878 323 971 367 petis
987 323 1027 357 2³²
1054 323 1185 367 inquit.
1219 324 1270 357 At
1285 323 1345 356 ille
1358 336 1421 358 :—

217 377 243 395 “
257 376 344 420 Scis,
367 377 517 420 Proteu,
540 376 607 410 scis
625 376 701 420 ipse
719 389 728 418 ;
756 388 875 420 neque
895 379 950 409 est
968 379 1006 409 te
1026 376 1149 411 fallere
1168 376 1348 420 cuiquam.

210 429 281 464 Sed
300 432 343 463 tu
362 429 485 463 desine
503 429 596 463 velle
615 442 622 464 ε
647 429 768 463 Deum
786 432 968 473 praecepta
987 430 1102 462 secuti

208 481 389 516 Venimus
408 482 491 525 11110,
513 482 622 526 lapsis
642 483 838 526 quaesitum
858 482 1004 516 oracula
1022 481 1167 516 rebus„

209 534 368 569 Tantum
387 536 517 569 effatus
536 548 542 570 :
571 535 617 569 ad
636 535 714 569 haec
734 538 835 569 vates
854 535 893 569 vi
912 535 1069 578 denique
1088 535 1208 569 multa

208 588 392 622 Ardentes
412 588 535 622 oculos
553 588 702 622 intorsit
721 588 861 622 lumine
880 588 1007 632 glauco
1026 601 1034 629 3

209 640 258 674 Et
278 641 438 685 graviter
456 641 641 684 frendens,
664 641 714 674 sic
733 641 819 674 fatis
838 652 900 674 ora
919 641 1069 674 resolvit
1088 652 1150 675 :—

211 695 238 712 “
254 694 340 728 Non
359 696 396 727 te
416 694 553 727 nullius
572 696 742 727 exercent
762 694 923 726 numinis
941 693 1004 726 irae
1022 706 1030 734 3

209 747 346 790 Magna
364 746 435 780 luis
454 746 643 780 commissa
660 759 666 780 :
695 746 764 779 tibi
783 746 848 779 has
866 745 1080 779 miserabilis
1100 745 1263 789 Orpheus

206 799 504 843 Haudquaquam
523 799 568 833 ob
587 799 759 832 meritum
777 811 915 843 poenaS‚
936 799 976 832 ni
993 799 1070 832 fata
1087 799 1270 843 resistant,

208 852 381 896 Suscitat,
404 855 441 886 et
459 854 565 896 rapta
582 852 743 896 graviter
760 863 825 896 pro
845 852 999 896 conjuge
1018 852 1132 886 saevit.

208 905 279 939 Illa
298 905 458 950 quidem,
481 905 570 939 dum
589 908 626 939 te
646 905 789 949 fugeret
808 917 872 949 per
890 905 1042 938 flumina
1062 916 1230 949 praeccPS,

208 958 413 992 Immanem
431 961 516 992 ante
535 959 644 1002 pedes
663 958 822 1002 hydrum
842 958 1019 991 moritura
1037 958 1158 1002 puella

208 1011 420 1045 Servantem
439 1011 534 1055 ripas
553 1012 630 1045 alta
649 1023 723 1044 non
742 1011 836 1045 vidit
854 1011 893 1044 in
912 1011 1033 1044 herba.

207 1064 260 1098 At
280 1064 410 1098 chorus
430 1065 579 1108 aequalis
597 1064 789 1108 Dryadum
809 1065 963 1098 clamore
983 1075 1168 1108 supremos

208 1117 414 1161 Implerunt
433 1120 576 1151 montes
596 1130 602 1152 :
631 1118 765 1151 flerunt
784 1117 1008 1161 Rhodopeiae
1029 1129 1137 1160 arces,

206 1171 379 1214 Altaque,
401 1171 570 1214 Pangaea‚
592 1173 629 1204 et
648 1170 761 1203 Rhesi
781 1171 965 1204 Mavortia
983 1171 1104 1212 tellus,

208 1224 333 1267 Atque
353 1224 469 1267 Getae,
492 1226 602 1268 atque
623 1223 783 1266 Hebrus,
806 1227 843 1257 et
863 1223 988 1257 Actias
1008 1222 1188 1267 Orithyia.

208 1276 304 1320 Ipse,
326 1279 415 1310 cava
434 1277 553 1310 solans
572 1288 709 1320 aegrum
727 1276 913 1310 testudine
931 1288 1103 1320 amorem,

208 1330 271 1373 Te,
293 1330 409 1363 dulcis
429 1330 576 1373 conjux,
597 1332 646 1373 te,
669 1330 744 1363 solo
763 1329 801 1363 in
820 1329 943 1363 littore
963 1341 1096 1373 secum,

208 1383 270 1426 Te,
292 1383 461 1416 veniente
480 1383 551 1425 die,
579 1385 629 1425 te,
653 1382 862 1425 decedente,
886 1382 1047 1416 canebat.

209 1435 389 1469 Taenarias
409 1435 519 1469 etiam
537 1436 670 1475 fauces,
693 1436 769 1469 alta
787 1436 879 1469 ostia
898 1435 1007 1478 Ditis,

210 1488 259 1522 Et
279 1489 495 1532 caligantem
514 1488 618 1532 nigra
637 1488 831 1522 formidine
850 1489 975 1521 lucum

209 1541 408 1585 Ingressus,
431 1541 634 1585 Manesque
653 1541 757 1584 adiit⁷
780 1542 990 1585 Regemque
1002 1541 1247 1585 tremendum,

210 1594 248 1628 N
250 1595 415 1638 esciaque
434 1595 603 1628 humanis
622 1594 788 1638 precibus
807 1606 1055 1628 mansuescere
1076 1595 1191 1628 corda.

210 1648 262 1681 At
281 1651 391 1682 cantu
411 1650 601 1681 commotae
620 1647 730 1680 Erebi
750 1647 794 1681 de
815 1647 960 1681 sedibus
979 1647 1061 1681 imis

211 1700 360 1734 Umbrae
379 1701 482 1734 ibant
501 1703 642 1743 tenues,
666 1701 930 1744 simulacraque
950 1700 1030 1734 lucc
1052 1702 1241 1734 carentum
1257 1712 1270 1743 ς,

211 1753 329 1794 Quam
348 1754 464 1787 multa
485 1754 524 1787 in
544 1754 655 1797 sylvis
676 1754 797 1787 avium
817 1765 853 1787 se
874 1753 989 1787 millia
1008 1754 1184 1796 condunt,

210 1806 349 1851 Vesper
366 1807 442 1850 ubi,
465 1809 529 1840 aut
548 1807 721 1840 hibernus
741 1806 816 1850 agit
837 1806 882 1840 de
901 1807 1089 1840 montibus
1109 1807 1226 1839 imber
1243 1818 1250 1842 :

210 1859 361 1903 Matres,
383 1861 493 1904 atque
511 1860 592 1903 viri,
615 1860 859 1903 defunctaque
879 1871 1027 1903 corpora
1045 1860 1122 1893 vita
1388 1855 1428 1879 ⁴75

209 1912 488 1956 Magnanimum
506 1913 669 1956 heroum,
691 1912 806 1956 pueri,
828 1913 1067 1957 innuptaeque
1086 1912 1230 1956 puellae,

210 1966 450 2010 Impositique
468 1966 563 2009 rogis
586 1966 740 2010 juvenes
760 1968 844 1999 ante
864 1977 926 1999 ora
944 1969 1137 2009 parentum
1155 1978 1163 2007 ;

212 2018 310 2059 Quos
330 2018 465 2052 circum
483 2019 593 2052 limus
612 2019 726 2062 niger,
749 2021 785 2052 et
805 2019 976 2052 deformis
997 2019 1137 2052 arundo

211 2071 350 2115 Cocyti,
372 2071 552 2115 tardaque
571 2071 676 2115 palus
695 2072 900 2105 inamabilis
919 2069 1019 2105 unda

210 2125 360 2168 Alligat‚
383 2127 417 2158 01
438 2125 564 2158 novies
585 2124 677 2167 Styx
698 2124 875 2158 interfusa
895 2127 1044 2158 coercet.

212 2177 309 2218 Quin
328 2177 415 2221 ipsae
435 2178 606 2221 stupuere
627 2177 769 2220 domus,
792 2180 903 2221 atque
923 2177 1054 2211 intima
1073 2177 1137 2211 leti

211 2230 372 2273 Tartara,
395 2231 642 2274 coeruleosque
662 2230 829 2274 implexae
850 2230 1010 2263 crinibus
1030 2242 1165 2274 angues

212 2283 434 2317 Eumenides
452 2297 459 2325 ;
487 2284 681 2328 tenuitque
701 2283 845 2317 inhians
864 2283 935 2317 tria
950 2283 1126 2317 Cerberus
1151 2295 1213 2317 ora·
1232 2295 1242 2325 3

211 2336 336 2380 Atque
355 2336 490 2370 Ixionii
510 2340 620 2370 cantu
639 2339 719 2370 rota
738 2337 904 2370 constitit
923 2337 1028 2371 orbis.

265 2388 423 2434 Jamque
443 2390 571 2434 pedem
590 2390 760 2433 referens,
783 2401 885 2423 casus
904 2393 1066 2423 evaserat
1086 2401 1211 2424 omncs
1230 2403 1237 2430 ;

1283 2448 1302 2469 r,

1378 268 1419 288 445

1379 533 1419 552 ⁴50

1380 797 1409 817 ⁴⁵

1382 1060 1422 1081 ⁴16¹*

1383 1325 1424 1346 465

1386 1590 1425 1613 '¹7¹¹

1389 2119 1427 2140 48(

1393 2386 1432 2405 ⁴⁸35
