1559 2584
94 79 148 117 22

566 87 751 117 VIRGILII
780 86 934 115 AENEIS.

201 176 358 211 Promisi
375 176 545 220 ultorem,
567 179 604 210 et
623 176 742 211 verbis
760 176 844 210 odia
862 187 987 220 aspera
1004 173 1111 210 movi.

202 230 302 264 Hinc
320 229 410 264 mihi
429 230 546 274 prima
563 229 651 263 mali
668 230 767 263 labes
785 243 793 271 ;
820 229 906 263 hinc
925 240 1064 273 semper
1082 228 1211 262 Ulixes

203 283 424 317 Criminibus
441 285 577 316 terrere
595 282 700 316 novis
717 295 724 324 ;
753 282 838 316 hinc
857 294 1021 326 spargere
1040 293 1145 316 voces

202 337 249 373 In
270 337 419 380 vulgum
437 335 636 379 ambiguas,
658 338 694 369 et
713 347 875 380 quaerere
894 335 1056 369 conscius
1074 347 1174 369 arma
1191 347 1198 369 :

202 389 282 424 Nec
299 389 480 433 requievit
499 389 608 432 enim,
630 389 746 422 donec
765 389 961 422 Calchante
975 388 1196 422 ministro-

175 441 193 456 '¹
205 443 275 477 Sed
295 442 385 487 quid
404 454 469 485 ego
487 442 566 476 haec
585 445 709 476 autem
727 442 972 486 nequicquam
990 442 1132 485 ingrata
1149 441 1296 474 revolvo
1311 440 1323 473 2

204 496 348 537 Quidve
366 507 487 528 moror
503 496 515 528 2
543 495 581 529 Si
600 507 725 528 omnes
743 507 817 528 uno
837 495 963 528 ordino
981 494 1123 528 habetis
1143 494 1313 536 Achivos,

204 549 324 593 quue
343 548 468 582 audire
489 551 544 581 sat
563 551 617 581 est
638 562 646 590 3
671 548 892 592 jamdudum
912 547 1044 581 sumite
1063 558 1189 590 poenas
1207 559 1213 581 :

205 602 288 636 Hoc
307 602 457 635 Ithacus
476 601 566 635 velit
585 604 622 635 et
640 613 772 645 niagno
791 603 999 634 mercentur
1016 599 1196 634 Atridae.''

258 655 353 689 Tum
372 667 457 689 vero
476 655 645 688 ardemus
665 655 786 688 scitari
805 658 842 688 et
863 665 1023 698 quaerere
1043 665 1178 696 causas,

206 709 331 753 Ignari
348 709 522 742 scelerum
539 710 728 741 tantorum
747 708 907 752 artisque
927 707 1098 751 Pelasgae.

206 762 446 806 Prosequitur
464 762 644 805 pavitans,
668 764 704 794 et
723 762 807 794 ficto
827 764 971 805 pectore
990 761 1090 793 fatur
1109 772 1116 794 2

211 817 237 834 “
254 815 356 859 Saepe
375 815 498 858 fugam
517 815 638 848 Danai
657 815 765 859 Troja
784 815 926 858 cupiere
944 814 1071 847 relicta

207 868 345 912 Moliri,
368 871 405 902 et
423 869 531 912 longo
549 868 633 901 fessi
653 868 835 901 discedere
854 867 958 901 bello.

208 922 466 966 Fecissentque
484 921 628 955 utinam
648 923 653 955 Ξ
686 921 788 965 Saepe
806 921 887 954 illos
906 932 1031 964 aspera
1050 920 1153 964 ponti

210 975 423 1009 Interclusit
441 975 570 1017 hiems,
592 977 629 1007 et
647 974 780 1007 terruit
799 974 936 1007 Auster
955 975 1092 1007 euntes.

210 1028 399 1072 Praecipue
418 1039 531 1071 quum
547 1027 625 1071 jam
644 1027 703 1061 hic
722 1027 886 1060 trabibus
905 1029 1098 1060 contextus
1117 1026 1254 1059 acm-nis

210 1081 332 1115 Staret
350 1092 477 1125 equus,
499 1084 579 1114 toto
598 1082 800 1114 sonuerunt
818 1080 953 1113 aethere
972 1079 1095 1113 nimbi.

211 1134 385 1178 Suspensi
402 1134 633 1178 Eurypylum
652 1135 823 1167 scitatum
842 1133 987 1166 oracula
1006 1132 1138 1165 Phoebi

210 1188 399 1222 Mittimus
418 1201 425 1229 3
452 1188 556 1231 isque
575 1187 696 1230 adytis
714 1187 793 1220 haec
811 1187 931 1220 tristia
949 1186 1047 1219 dicta
1065 1188 1225 1229 reportat
1247 1197 1253 1219 :

212 1241 395 1285 Sanguine
414 1240 583 1285 placastis
604 1243 743 1283 ventos,
765 1242 802 1273 et
821 1240 960 1283 Virgine
979 1241 1084 1281 caesa,

213 1294 336 1335 Quum
354 1294 514 1338 primum
533 1294 661 1327 Iliacas
681 1293 800 1327 Danai
818 1293 970 1326 venistis
989 1292 1035 1326 ad
1055 1303 1135 1325 oras
1155 1305 1162 1333 ;

212 1348 395 1392 Sanguine
415 1347 603 1391 quaerendi
621 1347 773 1390 reditus,
795 1346 989 1390 animaque
1007 1345 1192 1379 litandum

213 1401 389 1445 Argolica.
452 1400 565 1445 Vulgi
584 1412 666 1444 quae
687 1412 758 1434 vox
776 1402 820 1433 ut
838 1405 941 1433 vemt
959 1399 1006 1433 ad
1025 1410 1142 1441 aures,

214 1454 444 1498 Obstupuere
463 1454 576 1487 animi
593 1454 807 1497 gelidusque
826 1465 889 1497 per
907 1453 981 1486 ima
999 1452 1158 1486 cucurrit

214 1507 304 1541 Ossa
320 1510 457 1540 tremor
473 1520 481 1549 ;
511 1507 569 1540 cui
588 1508 664 1540 fata
682 1509 823 1550 parent,
846 1517 955 1550 quein
974 1507 1098 1550 poscat
1117 1504 1258 1548 Apollo.

214 1560 288 1594 Hic
307 1561 456 1594 Ithacus
475 1563 597 1594 vatem
617 1571 749 1604 niagno
770 1559 968 1593 Calchanta
986 1558 1152 1592 tumultu

215 1614 402 1647 Protrahit
422 1613 460 1647 in
479 1613 617 1647 medios
634 1626 642 1654 3
672 1624 755 1657 quae
775 1612 848 1646 sint
868 1624 909 1646 ea
928 1611 1081 1645 numina
1099 1611 1238 1645 Divum

215 1667 376 1711 Flagitat
395 1679 401 1701 :
431 1668 467 1700 et
486 1666 577 1699 mihi
591 1666 670 1710 jam
689 1666 797 1699 inulti
817 1665 960 1699 crudele
980 1664 1159 1698 canebant

215 1720 377 1754 Artificis
397 1720 524 1762 scelus,
548 1722 585 1752 et
601 1719 704 1752 taciti
723 1721 878 1752 ventura
896 1718 1080 1752 videbant.

216 1773 280 1807 Bis
300 1774 431 1817 quinos
450 1773 532 1806 silet
550 1773 612 1806 ille
633 1772 721 1815 dies,
742 1775 935 1815 tectusque
954 1774 1096 1804 recusat

216 1827 375 1861 Prodere
394 1837 480 1860 voce
499 1828 565 1859 sua
584 1837 806 1870 quemquam
825 1828 889 1858 aut
909 1836 1090 1868 opponere
1110 1823 1229 1858 morti.

217 1880 292 1914 Vix
310 1879 474 1923 tandem,
495 1879 636 1923 magnis
656 1878 776 1912 Ithaci
794 1878 1011 1912 clamoribus
1029 1880 1145 1919 actim,

216 1933 424 1978 Composito
442 1933 580 1976 rumpit
598 1943 724 1966 vocem
743 1934 779 1965 et
797 1943 855 1965 me
875 1930 1035 1965 destinat
1053 1942 1135 1965 arae.

217 1986 412 2021 Assensere
432 1997 556 2020 omnes
575 1999 582 2027 3
611 1988 660 2028 ct,
684 1997 765 2029 quae
781 1985 850 2018 sibi
869 1985 1022 2028 quisque
1040 1983 1207 2026 timebat,

218 2039 337 2074 Unius
355 2039 394 2072 in
413 2038 536 2072 miseri
553 2038 708 2072 exitium
728 2049 901 2072 conversa
918 2037 1045 2071 tulere.

217 2093 377 2137 Jamque
397 2092 474 2126 dies
492 2092 643 2126 infanda
662 2092 789 2125 aderat
805 2105 814 2131 ;
842 2091 934 2124 mihi
952 2093 1052 2124 sacra
1070 2088 1200 2134 parari,

218 2146 269 2180 Et
289 2146 391 2180 salsae
410 2146 531 2189 fruges
551 2147 588 2178 et
607 2145 741 2179 circum
760 2147 925 2188 tempora
944 2143 1057 2178 vittae.

218 2199 348 2243 Eripui
369 2199 514 2244 (fateor)
534 2198 608 2232 leto
628 2210 698 2241 me,
721 2200 757 2231 et
777 2197 924 2231 vincula
941 2196 1024 2240 rupi
1043 2209 1052 2237 3

220 2252 439 2296 Limosoque
458 2252 539 2285 lacu
558 2263 623 2295 per
640 2254 786 2285 noctem
806 2251 979 2284 obscurus
998 2250 1037 2282 in
1058 2248 1145 2282 ulva

221 2305 375 2348 Dolitui,
399 2305 488 2338 dum
508 2305 589 2337 vela
609 2304 754 2349 (darent
774 2304 804 2337 si
823 2304 933 2348 forte)
953 2302 1148 2336 dedissent.

222 2359 260 2392 N
263 2370 303 2392 ec·
322 2358 411 2392 mihi
428 2358 505 2402 jam
526 2358 679 2401 patriani
701 2357 888 2400 antiquam
911 2367 990 2400 spes
1010 2355 1085 2389 ulla
1105 2354 1266 2398 videndi,

1375 384 1412 403 10ss

1377 649 1418 670 10⁵

1382 917 1421 936 11ss

1386 1181 1424 1202 115

1388 1449 1427 1470 1²0

1391 1717 1430 1737 12¹5

1396 1981 1434 2000 13⁰

1398 2246 1436 2266 1:11,
