1528 2569
588 135 775 162 VIRGILII
805 133 962 162 cunnx.
1377 122 1428 159 85

223 226 371 262 Mucius
389 227 438 269 et,
460 225 620 270 prudens
639 225 803 259 ardorem
823 235 968 268 corpore
987 235 1126 267 passus,

223 280 399 323 Legitime
418 279 524 312 cessit
544 278 603 312 cui
621 279 737 312 fracta
754 277 920 322 potentia
937 277 1030 320 regis
1049 289 1058 318 3

222 333 296 367 Hic
312 332 441 366 Curius
460 332 574 365 clarae
593 332 709 365 socius
727 331 887 374 virtutis,
909 333 946 363 et
963 330 1024 363 ille

222 386 437 429 Flaminius,
460 385 595 418 devota
617 384 719 418 dedit
734 382 798 428 qui
818 395 965 427 corpora
983 383 1111 416 famae.

222 439 308 473 Iure
327 439 440 483 igitur
457 438 549 472 tales
569 438 670 471 sedes
689 437 834 481 pietatis
852 437 1006 470 honorat
1024 437 1030 470 Ξ

223 492 304 526 11110
324 491 582 535 Scipiadaeque
602 491 723 534 duces,
746 490 879 524 devota
896 489 1091 532 triumphis

222 545 371 579 Moenia
391 556 481 588 quos
500 543 643 588 rapidos
658 543 814 587 Libycae
834 542 1061 585 Carthaginis
1079 541 1230 575 horrent

224 598 287 632 Illi
304 598 411 631 laude
432 609 496 631 sua
514 597 661 640 vigeant
678 609 686 637 ;
714 607 779 640 ego
798 595 895 629 Ditis
915 607 1043 639 opacos

228 652 344 695 Cogor
363 651 460 684 adire
479 650 590 692 lacus,
613 649 743 682 viduos
762 661 783 682 a
801 648 938 682 lumine
957 646 1108 690 Phoebi,

222 704 272 738 Et
291 706 435 738 vastum
454 702 722 746 Phlegethonta
741 701 830 745 pati,
854 712 927 744 quo
945 699 1106 734 maxima
1125 700 1248 733 Minos

226 757 476 791 Conscelerata
494 756 554 799 pia
572 755 744 788 discernit
762 754 888 787 limina
907 753 999 787 sede.

223 810 319 854 Ergo
339 810 411 843 iam
430 820 575 842 causam
593 808 732 851 mortis,
754 808 826 841 iam
845 807 964 840 dicere
985 806 1080 840 vitae

222 863 444 896 Verberibus
464 873 590 895 saevae
609 864 744 905 cogunt
763 861 830 894 sub
848 859 967 893 iudice
987 859 1143 902 Poenae,

225 915 317 950 Cum
336 915 426 948 mihi
444 918 487 948 tu
507 915 554 948 sis
574 926 680 948 causa
698 914 797 956 mali,
819 925 885 947 nec
905 911 1068 946 conscius
1087 911 1193 947 adsis.

225 969 263 1003 N
266 980 305 1003 60
324 968 574 1002 tolerabilibus
594 968 687 1001 curis
706 967 794 1000 haec
811 967 1002 999 immemor
1020 965 1108 999 audi
1126 967 1133 1000 !

225 1022 274 1056 Et
292 1025 415 1055 tamen
434 1026 477 1055 ut
498 1021 599 1054 vanis
618 1021 782 1054 dimittas
802 1019 923 1053 omnia
941 1019 1061 1053 ventis
1079 1032 1085 1053 :

223 1075 416 1119 Digredior
433 1086 635 1118 numquam
653 1074 847 1107 rediturus.
908 1073 963 1106 Tu
982 1072 1057 1106 cole
1076 1072 1195 1105 fontes

226 1129 275 1162 Et
295 1128 427 1162 virides
447 1139 635 1161 nemorum
655 1127 762 1160 silvas
782 1129 818 1160 et
837 1137 969 1170 pascua
987 1126 1104 1159 laetus
1122 1137 1129 1159 :

226 1182 275 1215 Et
295 1193 375 1215 mea
395 1181 543 1214 diffusas
561 1180 750 1224 rapiantur
769 1180 867 1213 dicta
885 1191 950 1223 per
968 1190 1073 1212 auras
1091 1178 1132 1213 !'’

226 1235 344 1277 Dixit,
367 1236 404 1268 et
423 1237 585 1267 extrema
606 1233 719 1266 tristis
739 1245 821 1266 cum
841 1244 927 1266 voce
946 1232 1101 1265 recessit.

281 1287 393 1321 Hunc
412 1287 475 1320 ubi
494 1287 688 1320 sollicitum
707 1285 845 1319 dimisit
863 1285 994 1318 inertia
1012 1285 1122 1328 vitae,

229 1341 389 1374 Interius
408 1340 566 1384 graviter
583 1342 839 1383 regementem,
861 1350 928 1372 nec
945 1338 1033 1371 tulit
1051 1339 1149 1372 ultra

228 1394 400 1427 Sensibus
419 1394 583 1426 infusum
603 1392 727 1426 culicis
747 1392 791 1425 de
811 1394 927 1425 morte
947 1391 1107 1424 dolorem
1125 1404 1188 1425 :—

227 1446 570 1489 Quantumcumque
590 1445 659 1478 sibi
674 1446 767 1478 vires
785 1445 945 1478 tribuere
965 1445 1094 1477 seniles
1114 1458 1122 1486 3

228 1500 317 1541 Quis
336 1502 459 1533 tamen
478 1499 654 1532 infestum
672 1510 838 1542 pugnans
858 1498 1040 1531 devicerat
1059 1498 1200 1531 hostem
1222 1509 1283 1532 :—

226 1553 363 1587 Rivum
383 1555 530 1596 propter
548 1563 662 1595 aquae
683 1551 790 1585 viridi
809 1551 876 1584 sub
894 1551 1023 1584 fronde
1042 1551 1218 1584 latentem

227 1606 458 1640 Conformare
477 1605 597 1639 locum
617 1605 712 1648 capit
730 1604 882 1648 impiger
899 1617 907 1645 ;
935 1604 1032 1637 hunc
1047 1607 1083 1637 et
1102 1604 1141 1637 in
1160 1605 1282 1638 orbem

225 1660 396 1693 Destinat
415 1670 455 1692 ac
474 1658 551 1692 fieri
570 1658 688 1702 capuli
705 1657 874 1702 repetivit
893 1657 931 1690 in
951 1669 1071 1700 usum,

227 1712 459 1747 Gramineam
478 1711 586 1745 viridi
603 1711 745 1745 fodiens
764 1711 810 1744 de
829 1711 962 1754 cespite
980 1713 1123 1744 terram.

227 1766 307 1799 Iam
326 1776 464 1798 memor
482 1765 669 1808 inceptum
687 1776 861 1808 peragens
881 1763 949 1797 sibi
968 1775 1053 1797 cura
1072 1763 1231 1797 laborem

226 1818 447 1862 Congestum
465 1817 665 1851 cumulavit
684 1829 785 1861 opus,
807 1820 916 1861 atque
935 1828 1061 1860 aggere
1080 1817 1197 1850 multo

229 1871 383 1905 Telluris
402 1871 568 1904 tumulus
588 1871 786 1904 formatum
807 1871 920 1903 crevit
938 1870 977 1902 111
997 1869 1120 1903 orbem
1138 1883 1146 1910 3

230 1924 348 1966 Quem
368 1924 501 1957 circum
521 1923 679 1967 lapidem
699 1923 793 1957 laevi
812 1923 856 1956 dc
876 1934 1054 1956 marmore
1073 1923 1232 1956 formans

231 1977 408 2020 Conserit,
430 1977 595 2010 assiduae
615 1988 720 2010 curae
738 1987 943 2010 memorem.
1004 1976 1076 2009 Hic
1096 1978 1132 2009 et
1151 1976 1328 2009 acanthus

229 2030 279 2064 Et
298 2042 379 2064 rosa
399 2042 580 2074 purpureo
601 2030 728 2063 crescit
747 2029 948 2063 rubicunda
968 2029 1096 2072 colore,

229 2084 279 2118 Et
298 2083 413 2117 violae
433 2095 539 2116 omne
559 2094 673 2126 genus
692 2096 698 2123 3
727 2082 786 2115 hic
806 2085 860 2115 est
880 2085 916 2115 et
936 2082 1098 2125 Spartica
1117 2084 1260 2125 myrtus

230 2138 354 2180 Atque
374 2136 605 2180 hyacinthus,
629 2138 664 2168 et
684 2135 742 2168 hic
762 2135 864 2168 Cilici
883 2146 1005 2168 crocus
1026 2135 1147 2168 editus
1166 2146 1265 2177 arvo,

231 2190 373 2223 Laurus
392 2190 480 2223 item
501 2189 641 2222 Phoebi
660 2200 808 2232 surgens
827 2189 937 2221 decus
954 2201 962 2229 ;
991 2187 1050 2221 hic
1068 2188 1328 2231 rhododaphnc

229 2243 395 2286 Liliaque
414 2245 451 2276 et
470 2243 559 2275 roris
578 2254 651 2275 non
671 2242 752 2275 avia
771 2253 857 2274 cura
875 2241 1018 2283 marini,

233 2296 431 2340 Herbaque
450 2296 542 2329 turis
562 2307 646 2339 opes
661 2295 785 2338 priscis
805 2294 948 2328 imitata
969 2293 1113 2337 Sabina,

234 2348 564 2393 Chrysanthesque,
587 2349 813 2391 hederacque
833 2348 931 2381 nitor
949 2348 1107 2391 pallente
1127 2346 1311 2390 corymbo,

233 2401 282 2436 Et
301 2401 466 2436 Bocchus
485 2401 620 2446 Libyae
640 2402 732 2445 regis
751 2413 889 2434 memor
906 2415 914 2443 ;
942 2400 1001 2434 hic
1020 2400 1256 2433 amaranthus

1390 326 1431 347 865

1392 591 1433 614 370

1396 1123 1439 1143 330

1399 1389 1441 1409 385

1402 1654 1443 1675 ³90

1404 1920 1446 1939 ³¹³5

1406 2185 1448 2205 ⁴⁴0
