1528 2569
631 99 767 127 LIBER
795 99 857 127 lx.
1328 95 1407 132 165

199 187 316 223 Affari
334 189 537 222 extremum
555 186 696 222 miserae
715 187 802 222 data
821 188 923 232 copia
941 188 1078 223 matri?

200 241 288 275 Heu
307 243 313 275 !
343 243 441 274 terra
457 241 594 285 ignota,
617 240 766 274 canibus
784 241 871 274 data
888 242 1010 285 praeda
1029 242 1170 276 Latinis
1365 241 1408 262 ⁴³⁵

199 293 444 338 Alitibusque‚
462 294 561 337 jaces
581 295 587 327 !
617 305 683 327 nec
702 296 740 327 te
758 296 824 327 tua
840 294 970 328 funera
988 298 1106 329 mater

199 346 374 389 Produxi,
398 346 555 390 pressive
575 347 709 389 oculos,
731 349 796 380 aut
815 347 967 381 vulnera
985 348 1070 391 lavi,

199 399 313 433 Veste
333 402 478 443 tegens;
506 399 575 432 tibi
593 410 704 443 quam
723 402 848 433 noctes
865 400 999 434 festina
1017 400 1167 445 diesque

198 451 394 496 Urgebam,
417 455 454 485 et
473 452 548 485 tela
566 463 669 485 curas
688 452 829 486 solabar
847 453 970 487 aniles.

198 504 280 546 Quo
299 505 453 549 sequar?
481 507 545 538 aut
564 516 646 549 quae
664 516 763 538 nunc
781 508 892 548 artus,
917 506 1114 550 avulsaque
1133 507 1304 551 membra,

198 557 248 591 Et
266 559 380 591 funus
399 558 558 591 lacerum
578 558 688 591 tellus
706 558 817 591 habet
834 559 843 592 Ξ
870 558 939 592 1100
957 559 1047 592 milii
1065 560 1110 593 de
1129 562 1178 603 te,

197 611 308 654 Nate,
330 611 440 644 refers
458 611 470 645 ’ἒ
497 610 565 644 1100
583 622 664 644 sum
682 613 855 654 terraque
873 612 1037 656 marique
1057 616 1180 647 secuta
1196 612 1209 647 '3

196 663 316 707 Figite
334 675 402 707 me,
426 663 456 697 si
475 675 548 707 qua
566 666 621 696 est
639 664 755 707 pietas
766 677 775 705 ;
802 664 841 697 in
860 675 917 697 me
937 665 1058 698 omnia
1076 666 1150 699 tela

198 716 389 761 conjicite,
411 727 431 750 o
450 716 585 749 Rutuli
596 729 604 757 ;
632 727 690 749 me
709 716 862 759 primam
881 717 1061 751 absumite
1080 718 1186 753 ferro.

1364 506 1406 525 490

197 769 276 803 Aut
294 772 348 812 tu,
372 780 502 813 magne
522 771 625 812 pater
644 768 793 811 Divum,
816 769 994 812 miserere,
1019 773 1158 814 tuoque
1364 769 1406 790 ⁴⁰³³

196 821 363 856 Invisum
381 822 450 855 hoc
468 821 622 855 detrude
641 824 750 865 caput
769 821 836 855 sub
855 822 1004 856 Tartara
1022 823 1095 856 telo
1114 836 1120 857 :

196 874 353 917 Quando
372 874 477 908 aliter
495 885 637 918 nequeo
656 874 839 908 crudelem
858 875 1072 919 abrumpere
1091 876 1214 911 vitam.
1223 876 1244 894 ’'

195 927 278 962 Hoc
297 928 387 961 fletu
406 927 569 961 concussi
586 927 700 960 animi
719 940 727 968 ;
755 930 981 971 moestusque
1000 940 1064 972 per
1083 940 1208 963 omnes

195 981 239 1014 It·
251 980 427 1024 gemitus:
455 982 603 1024 torpent
622 980 788 1013 infractae
807 980 853 1014 ad
871 981 997 1024 praelia
1016 982 1119 1016 vires.

196 1034 304 1067 Iliam
323 1033 578 1067 incendentem
596 1032 717 1066 luctus
737 1032 860 1066 Idaeus
879 1036 916 1067 et
934 1034 1060 1077 Actor,
1364 1034 1407 1054 ⁵⁰⁰

196 1086 329 1120 Eionei
346 1086 491 1120 monitu
510 1088 546 1119 et
566 1086 725 1119 multum
743 1086 977 1130 lacrymantis
996 1087 1082 1130 Iuli,

196 1139 419 1184 Corripiunt,
440 1139 608 1182 interque
627 1150 757 1172 manus
777 1139 844 1172 sub
863 1142 961 1173 tecta
979 1142 1172 1183 reponunt.

247 1192 299 1225 At
318 1192 409 1226 tuba
426 1191 626 1225 terribilem
646 1192 808 1226 sonitum
827 1192 953 1235 procul
972 1204 1042 1226 aere
1062 1205 1193 1228 canoro

195 1245 383 1289 Increpuit
402 1257 408 1279 :
437 1245 603 1288 sequitur
622 1244 769 1287 clamor,
792 1245 998 1289 coelumque
1018 1246 1185 1291 remugit.

194 1298 409 1332 Accelerant
427 1299 510 1331 acta
529 1297 665 1340 pariter
683 1298 868 1331 testudine
893 1298 1026 1341 Volsci,

194 1351 244 1385 Et
262 1351 375 1385 fossas
393 1350 542 1394 implere
560 1353 701 1393 parant,
725 1361 766 1383 ac
784 1351 916 1384 vellere
935 1352 1081 1385 vallum.

196 1403 376 1444 Quaerunt
394 1415 476 1447 pars
495 1402 646 1445 aditum,
671 1405 709 1436 et
727 1403 830 1436 scalis
849 1404 1041 1438 ascendere
1062 1416 1184 1439 muros
1195 1417 1205 1447 ;

197 1456 278 1497 Qua
296 1467 377 1490 rara
395 1458 450 1489 est
469 1456 575 1498 acies,
597 1456 866 1500 interlucetque
886 1468 1017 1490 corona

194 1509 283 1544 Non
302 1512 379 1543 tam
398 1509 511 1553 spissa
529 1507 626 1542 viris,
676 1509 856 1542 -Telorum
875 1505 1060 1543 effundere
1079 1512 1206 1545 contra

195 1562 312 1596 Omne
331 1574 445 1606 genus
464 1561 605 1604 Teucri,
626 1573 667 1595 ac
686 1561 787 1595 duris
806 1561 1001 1596 dettudere
1021 1564 1148 1607 contis,

194 1616 344 1649 Assueti
361 1615 469 1658 longo
487 1626 610 1648 muros
627 1614 822 1648 defendere
840 1615 946 1649 bello.

194 1667 290 1702 Saxa
309 1679 454 1713 quoque
473 1667 606 1700 infesto
625 1667 821 1701 volvebant
839 1668 1010 1712 pondere,
1033 1668 1063 1701 si
1081 1680 1154 1712 qua
1214 1696 1217 1697 γ

196 1721 351 1755 Possent
369 1724 506 1754 tectam
524 1720 638 1754 aciem
656 1732 887 1764 perrumpere
907 1733 913 1755 :
943 1733 1058 1765 quum
1077 1725 1201 1755 tamen
1219 1732 1346 1755 omncs

196 1774 306 1808 Ferre
321 1774 430 1817 juvat
449 1773 575 1806 subter
595 1772 708 1806 densa
722 1773 908 1806 testudine
929 1785 1041 1808 casus

197 1826 278 1860 Nec
292 1827 371 1870 jam
390 1826 595 1859 sufficiunt:
624 1837 722 1868 nam,
745 1837 817 1869 qua
835 1826 964 1869 globus
984 1826 1152 1860 imminet
1171 1827 1311 1871 ingens,

195 1879 400 1913 Immanem
419 1878 548 1912 Teucri
566 1878 700 1911 molem
718 1878 948 1922 volvuntque
967 1882 1154 1923 ruuntque
1175 1893 1184 1922 ;

197 1932 287 1973 Quae
307 1932 438 1966 stravit
457 1931 617 1965 Rutulos
636 1931 721 1974 late,
744 1942 1000 1975 armorumque
1018 1933 1169 1966 resolvit

194 1985 368 2029 Tegmina
388 1997 394 2019 :
424 1995 490 2018 nec
510 1986 639 2017 curant
659 1995 752 2018 caeco
772 1984 992 2018 contendere
1012 1984 1134 2019 Marte

194 2038 364 2082 Amplius
383 2037 538 2071 audaces
557 2036 691 2070 Rutuli
707 2049 716 2078 ;
746 2036 809 2070 sed
827 2037 960 2081 pellere
980 2037 1076 2071 vallo

197 2091 400 2124 Missilibus
419 2092 570 2124 certant.
1368 2088 1410 2108 ⁵²⁰

195 2143 306 2179 Parte
325 2143 397 2177 alia
415 2142 617 2176 horrendus
635 2142 716 2176 visu
737 2143 931 2187 quassabat
949 2143 1142 2178 Etruscam

195 2196 344 2239 Pinum,
367 2199 404 2230 et
422 2195 613 2229 fumiferos
631 2196 743 2229 infert
763 2195 969 2229 Mezentius
987 2197 1088 2240 ignes
1107 2209 1113 2231 :

194 2250 248 2283 At
266 2249 469 2292 Messapus,
492 2249 629 2292 equum
648 2249 816 2291 domitor,
841 2247 1032 2292 Neptunia
1049 2249 1180 2294 proles,

195 2301 385 2336 Rescindit
403 2301 555 2343 vallum,
577 2303 614 2334 et
633 2301 745 2335 scalas
763 2301 800 2335 iu
822 2302 957 2336 moenia
974 2303 1100 2346 poscit.

195 2354 284 2399 Vos,
305 2366 327 2389 0
346 2353 518 2398 Calliope,
540 2365 676 2398 precor,
698 2354 853 2400 aspirate
873 2355 1018 2389 canenti
1034 2368 1045 2398 ς

1365 1297 1407 1318 505

1366 1561 1408 1582 510

1367 1825 1407 1846 515

1367 2351 1409 2372 525
