1528 2569
631 90 766 118 LIBER
794 91 871 118 ΧΠ.

206 174 430 220 Quadrijugo
447 176 596 211 vehitur
614 189 734 220 curru,
755 178 813 211 cui
831 181 996 221 tempora
1015 176 1150 212 circum

205 229 338 262 Aurati
357 229 411 262 bis
429 240 493 262 sex
511 230 605 263 radii
623 230 802 274 fulgentia
821 231 985 274 cingunt,

206 280 298 314 Solis
316 281 376 314 avi
393 282 594 325 specimen3
622 282 715 326 bigis
733 283 763 316 it
781 283 926 316 Turnus
944 283 983 316 in
1001 282 1105 326 albis,

205 333 299 367 Bina
316 345 428 367 manu
446 334 522 367 lato
542 335 700 379 crispans
718 335 863 369 hastilia
881 335 987 368 ferro.

204 385 304 419 Hinc
321 389 425 429 pater
442 387 592 430 AEneas,
614 388 790 421 Romanae
810 388 932 431 stirpis
951 387 1062 431 origo,

205 438 351 472 Sidereo
370 439 524 482 flagrans
543 440 668 484 clypeo
687 442 725 473 et
743 440 950 474 coelestibus
969 440 1073 483 armi,

203 491 253 524 Et
267 491 377 535 juxta
395 492 584 536 Asca-nius,
606 504 746 537 magnae
765 504 845 537 spes
864 493 978 526 altera
995 493 1135 536 Romae,

203 543 413 578 Procedant
432 545 576 580 castris:
604 548 767 589 puraque
785 546 824 579 in
841 549 942 579 veste
960 545 1125 579 sacerdos

205 596 357 640 setigeri
374 597 507 630 foetum
526 598 612 641 suis,
634 598 890 642 intonsamque
909 598 1097 632 bidentem

204 650 358 692 Attulit,
379 650 614 694 admovitque
634 662 742 694 pecus
760 651 995 695 flagrantibus
1013 651 1094 685 aris.

204 701 266 735 Illi
283 702 330 735 ad
350 706 559 746 surgentem
578 704 741 737 conversi
760 704 899 737 lumina
918 704 1051 746 Solem,

204 753 306 787 Dant
324 755 446 797 fruges
463 755 632 789 manibus
650 756 772 799 salsas,
794 758 831 790 et
849 758 1013 799 tempora
1030 756 1126 789 ferro

205 807 354 840 Summa
372 810 504 841 notant
521 808 715 852 pecudum,
735 809 943 852 paterisque
960 808 1090 842 altaria
1106 808 1233 842 libant.

204 859 297 893 Tum
315 860 397 904 pius
416 860 554 894 AEneas
572 861 699 895 stricto
718 862 768 895 sic
787 873 870 894 ense
889 864 1076 905 precatur:

208 914 234 930 “
249 912 339 946 Esto
357 924 455 946 nunc
474 913 535 947 Sol
554 914 671 956 testis,
693 916 731 947 et
748 914 826 948 haec
845 914 936 947 mihi
953 913 1062 947 Terra
1079 913 1236 956 vocanti,

205 964 323 1006 Quam
342 969 490 1009 propter
507 968 630 1000 tantos
648 967 753 1010 potui
771 966 928 1010 perferre
947 966 1087 1000 labores
1104 979 1113 1007 ;

205 1018 254 1051 Et
273 1018 382 1052 Pater
401 1019 631 1063 omnipotens
648 1032 656 1060 ;
684 1022 722 1052 et
739 1022 795 1062 tu,
817 1019 988 1053 Saturnia
1005 1019 1120 1061 Juno,

1334 83 1414 119 221

1378 334 1417 355 165

1378 596 1418 620 170

205 1070 291 1104 Jam
310 1071 448 1114 melior,
467 1072 556 1115 jam,
578 1072 686 1111 Diva,
707 1084 850 1116 preoor3
878 1078 1005 1116 tuque,
1025 1072 1163 1115 inclyte
1182 1072 1343 1114 Mavors,

206 1124 346 1157 Cuncta
363 1127 430 1157 tuo
449 1125 512 1168 qui
530 1125 637 1167 bella,
659 1128 774 1168 pater,
792 1125 860 1158 sub
879 1124 1028 1158 numine
1046 1127 1215 1168 torques;

205 1175 425 1220 Fontesque,
448 1177 670 1221 Fluviosque
689 1189 798 1218 voco;
827 1188 982 1221 quaeque
1002 1177 1166 1210 AEtheris
1185 1177 1253 1210 alti

207 1228 377 1272 Relligio,
399 1232 435 1263 et
456 1241 537 1273 quae
557 1230 712 1264 coeruleo
731 1233 818 1264 sunt
836 1230 988 1263 numina
1005 1232 1119 1274 ponto
1130 1242 1140 1272 3

206 1281 360 1315 Cesserit
379 1283 543 1316 Ausonio
563 1282 593 1316 si
610 1283 684 1317 fors
702 1283 853 1316 victoria
871 1283 1004 1325 Turno,

207 1335 387 1368 Convenit
406 1335 567 1369 Evandri
585 1336 700 1369 victos
719 1335 902 1369 discedere
920 1335 966 1369 ad
985 1335 1133 1376 urbem;

207 1386 320 1421 Cedet
339 1387 443 1421 Iulus
462 1388 574 1432 agris3
603 1400 669 1422 nec
687 1391 769 1432 post
787 1400 886 1422 arma
904 1388 980 1422 ulla
997 1388 1149 1421 rebelles
1175 1392 1184 1403 ·

206 1440 384 1474 AEneadae
402 1442 577 1484 referunt,
599 1442 739 1475 ferrove
757 1442 835 1475 haec
853 1452 964 1484 regua
981 1441 1178 1475 lacessent:

207 1493 270 1527 Sin
288 1496 454 1527 nostrum
473 1494 642 1527 annuerit
661 1494 766 1527 nobis
785 1494 948 1527 Victoria
966 1493 1126 1526 Martem

207 1546 276 1589 (Ut
293 1547 415 1590 potius
433 1558 525 1589 reor,
547 1549 585 1580 et
602 1546 724 1591 potius
743 1547 793 1580 Di
810 1548 960 1580 numine
979 1546 1152 1590 firment),

206 1598 294 1632 Non
308 1610 373 1642 ego
391 1611 458 1633 nec
477 1600 622 1633 Teucris
640 1600 754 1633 Italos
773 1611 896 1643 parere
910 1599 1060 1643 jubebo,

205 1651 285 1685 Nec
302 1652 394 1685 mihi
410 1664 521 1696 regna
538 1655 642 1697 peto:
670 1653 818 1696 paribus
836 1664 873 1686 se
891 1651 1031 1696 legibus
1048 1651 1165 1685 ambae

207 1704 360 1738 Invictae
379 1709 504 1748 gentes
523 1708 659 1739 aeterna
676 1706 715 1738 in
733 1705 872 1739 foedera
889 1705 1049 1738 mittant.

207 1757 314 1791 Sacra
333 1757 502 1801 Deosque
522 1758 636 1792 dabo:
666 1769 765 1791 socer
783 1770 884 1791 arma
901 1757 1053 1790 Latinus
1073 1756 1218 1799 habeto,

207 1810 407 1854 Imperium
426 1811 584 1844 solemne
603 1822 722 1844 socer:
751 1811 841 1843 mihi·
860 1810 994 1844 moenia
1012 1809 1143 1844 Teucri

208 1863 455 1905 Constituent,
476 1863 631 1908 urbique
651 1863 753 1897 dabit
772 1863 929 1897 Lavinia
948 1861 1117 1896 nomen.''

209 1915 267 1949 Sic
285 1914 384 1960 prior
404 1916 560 1950 AEneas:
589 1916 754 1960 sequitur
772 1916 822 1949 sic
841 1915 972 1949 deinde
992 1915 1158 1957 Latinus,

207 1969 412 2012 Suspiciens
432 1969 576 2012 coelum,
599 1969 793 2013 tenditque
811 1968 857 2002 ad
877 1968 994 2001 sidera
1013 1968 1201 2001 dextram:

211 2021 342 2055 “Haec
360 2022 499 2065 eadem,
524 2022 654 2065 AEnea,
677 2022 835 2064 Terram,
858 2021 974 2062 Mare,
997 2020 1122 2054 Sidera
1136 2020 1235 2064 juro,

207 2074 432 2118 Latonaeque
451 2086 565 2119 genus
585 2074 732 2118 duplex,
755 2074 780 2108 J
782 2085 966 2118 anumque
984 2073 1194 2116 bifrontem,

207 2127 368 2171 Vimque
387 2128 508 2161 Deum
525 2128 719 2170 infernam,
742 2131 779 2161 et
798 2127 881 2160 duri
899 2126 1053 2160 sacraria
1071 2126 1169 2159 Ditis
1186 2139 1195 2167 ;

207 2180 348 2213 Audiat
365 2180 443 2214 haec
463 2181 627 2223 Genitor,
651 2180 715 2224 qui
734 2180 872 2213 foedera
890 2179 1044 2212 fulmine
1063 2179 1179 2212 sancit
1196 2191 1205 2220 ;

208 2233 331 2276 Tango
351 2244 430 2267 aras
447 2247 455 2275 ;
483 2234 694 2278 mediosque
714 2234 828 2276 ignes,
850 2235 888 2266 et
906 2232 1058 2265 numina
1076 2234 1192 2264 testor
1207 2244 1216 2273 ;

209 2285 325 2318 Nulla
343 2285 420 2319 dies
437 2298 563 2330 pacem
581 2287 675 2320 hanc
694 2285 800 2319 Italis
817 2296 885 2319 nec
902 2284 1040 2318 foedera
1057 2286 1216 2327 rumpet,

210 2337 292 2380 Quo
310 2349 366 2372 res
385 2350 529 2383 cunque
548 2339 679 2373 cadent
697 2351 705 2380 ;
733 2349 799 2372 nec
817 2349 876 2372 me
893 2337 950 2371 vis
966 2337 1044 2371 ulla
1060 2337 1245 2371 volentem

1378 1122 1417 1142 150

1379 1385 1418 1405 135

1380 1646 1421 1669 19⁰

1383 1912 1421 1932 195
