1528 2569
657 64 791 95 LIBER
819 65 882 95 111.

588 328 902 383 AENEIDO
917 331 952 383 S

514 461 706 502 LIBER
738 460 1020 502 TERTIUS.

219 610 428 649 POSTQUAM
445 621 502 644 res
520 609 617 644 Asiae
636 610 844 654 Priamique
864 613 1024 644 evertere
1041 613 1187 655 gentem

219 663 446 697 Immeritam
465 663 583 696 visum
603 663 761 707 Superis,
784 663 985 707 ceciditque
1005 665 1202 707 superbum

219 716 344 759 Ilium,
366 718 403 749 et
422 716 539 749 omnis
558 716 670 749 humo
688 716 807 749 fumat
827 716 1018 759 Neptunia
1036 713 1148 760 Troja
1166 730 1175 758 3

217 768 371 802 Diversa
390 768 515 802 exsffia
534 771 571 801 et
590 768 749 802 desertas
769 780 930 812 quaerere
949 771 1064 802 terras

217 821 391 865 Auguriis
410 821 551 865 agimur
569 821 707 855 Divum
727 834 735 862 ;
765 822 985 865 classemque
1004 822 1071 855 sub
1089 821 1170 865 ips&

216 874 421 917 Antandro,
444 877 481 907 et
500 874 669 918 Phrygiae
688 874 858 908 molimur
875 874 1061 908 montibus
1081 874 1171 918 Idae,

218 926 354 961 Incerti
372 938 445 970 quo
463 927 541 960 fata
558 927 690 970 ferant,
712 927 777 960 ubi
794 927 920 961 sistere
939 927 1047 961 detur
1064 940 1071 961 :

217 979 547 1023 Contrahimusque
566 980 671 1013 viros.
733 979 808 1013 Vix
826 979 942 1023 prima
960 981 1144 1024 inceperat
1164 981 1285 1022 aestas,

219 1032 268 1066 Et
287 1036 391 1076 pater
409 1033 586 1066 Anchises
606 1033 690 1066 dare
709 1033 795 1066 fatis
814 1033 894 1066 vela
908 1033 1063 1076 jubebat
1082 1046 1090 1074 3

217 1085 358 1119 Littora
377 1097 489 1129 quum
509 1086 636 1130 patriae
654 1086 857 1129 lacrymans
876 1089 1073 1130 portusque
1092 1085 1272 1129 relinquo,

217 1138 266 1171 Et
286 1150 429 1182 campos
448 1139 512 1172 ubi
531 1139 639 1182 Troja
656 1138 728 1172 fuit
747 1151 752 1172 :
780 1139 877 1172 feror
895 1139 1000 1172 exsul
1017 1139 1057 1172 in
1076 1139 1193 1172 altum

219 1191 310 1224 Cum
329 1191 432 1225 sociis
451 1194 623 1235 natoque,
646 1191 846 1225 Penatibus
865 1194 902 1224 et
921 1191 1060 1235 magnis
1079 1191 1155 1225 Dis.

271 1244 378 1278 Terra
397 1244 521 1288 procul
540 1244 652 1277 vastis
671 1244 802 1277 colitur
821 1244 1003 1278 Mavortia
1022 1244 1170 1288 campis,

218 1296 387 1341 (Thraces
406 1299 523 1339 arant,
546 1297 619 1330 acri
638 1297 824 1340 quondam
842 1300 991 1340 regnata
1010 1296 1191 1341 Lycurgo)

216 1349 430 1393 Hospitium
449 1349 644 1393 antiquum
664 1349 793 1393 Trojae,
816 1350 974 1394 sociique
993 1350 1162 1392 Penates,

215 1402 315 1436 Dum
333 1403 481 1436 fortuna
499 1402 580 1436 fuit.
641 1402 752 1435 Feror
770 1402 853 1445 huc,
876 1405 913 1435 et
930 1402 1054 1435 Iittore
1074 1413 1185 1436 curvo

214 1455 356 1488 Bloenia
374 1455 490 1499 prima
508 1455 599 1498 loco,
621 1455 706 1488 fatis
724 1455 906 1498 ingressus
924 1455 1060 1498 iniquis
1077 1468 1085 1496 3

214 1507 474 1551 AEneaclasque
492 1519 573 1541 meo
592 1519 725 1541 nomen
744 1508 788 1541 de
808 1508 954 1541 nomine
972 1508 1078 1551 fingo.

215 1560 323 1594 Sacra
340 1560 501 1594 Dionaeae
520 1561 640 1603 matri,
661 1560 838 1604 Divisque
855 1561 1016 1594 ferebam

214 1613 433 1657 Auspicibus
452 1616 655 1657 coeptorum
674 1625 823 1657 operum
844 1627 851 1654 ;
880 1624 1082 1657 superoque
1101 1611 1281 1646 nitentem

215 1666 428 1700 Coelicolum
446 1666 523 1710 regi
540 1667 744 1700 mactabam
762 1667 799 1699 in
819 1666 943 1700 h'ttore
961 1670 1118 1700 taurum.

213 1718 324 1752 Forte
342 1719 414 1752 fuit
430 1719 540 1763 juxta
558 1719 736 1761 tumulus,
759 1731 832 1762 quo
852 1730 981 1752 cornea
1000 1729 1142 1752 summo

215 1770 399 1814 Virgulta,
421 1773 458 1805 et
477 1771 598 1805 densis
616 1772 808 1805 hastilibus
826 1771 973 1805 horrida
990 1774 1133 1814 myrtus
1151 1783 1158 1804 ε

214 1823 371 1866 Accessi,
393 1823 619 1868 viridemque
638 1824 683 1858 ab
701 1824 814 1858 humo
834 1824 1034 1857 convellere
1053 1823 1194 1866 sylvam

215 1876 390 1919 Oonatus,
411 1877 522 1910 ramis
539 1879 698 1920 tegerem
716 1879 760 1910 ut
778 1877 1033 1910 frondentibus
1051 1887 1142 1918 arasa,

214 1928 461 1973 Horrendum,
486 1931 522 1962 et
541 1929 642 1963 dictu
663 1929 767 1963 video
786 1930 949 1963 mirabile
968 1931 1184 1962 monstrum.

215 1981 315 2015 Nam
334 1993 416 2025 quae
435 1982 551 2026 prima
569 1983 657 2025 solo,
678 1983 796 2026 ruptis
813 1982 1008 2025 radicibus,
1030 1982 1134 2015 arbos

215 2034 389 2078 Vellitur,
411 2034 497 2068 huic
515 2037 594 2068 atro
614 2035 807 2078 liquuntur
826 2036 1000 2078 sanguine
1018 2036 1146 2078 guttae,

216 2087 265 2120 Et
283 2089 417 2120 terram
436 2088 523 2121 tabo
543 2088 726 2122 maculant
745 2100 751 2121 :
781 2087 871 2121 mihi
888 2087 1043 2132 frigidus
1060 2087 1188 2120 horror

215 2140 384 2173 Membra
403 2141 536 2184 quatit,
558 2141 771 2184 gelidusque
791 2143 863 2174 co'i't
882 2140 1074 2174 formidine
1094 2137 1248 2183 sanguis.

215 2192 358 2226 Rursus
376 2196 413 2226 et
432 2193 582 2227 alterius
600 2194 743 2226 lentum
762 2194 963 2227 convellere
981 2192 1104 2227 vimen

214 2244 405 2289 Insequor,
428 2249 466 2279 et
485 2257 608 2280 causas
628 2247 775 2289 penitus
793 2248 935 2280 tentare
953 2246 1111 2279 latentes
1131 2257 1138 2279 :

216 2297 308 2330 Ater
327 2300 364 2331 et
383 2298 532 2333 alterius
550 2299 716 2342 sequitur
734 2299 778 2333 dc
799 2299 929 2333 cortice
949 2298 1104 2342 sanguis,

1379 57 1431 96 39

1400 1082 1425 1102 10

1399 1343 1425 1365 1⁸
