1559 2584
94 121 146 158 88

588 133 658 159 VIR
665 133 773 160 GILII
805 133 930 160 CIRIS.

198 220 349 264 Felices,
371 220 436 265 qui
454 221 567 255 talem
585 233 724 255 annum
743 221 865 255 videre
885 221 1054 265 diemque
1071 223 1079 257 !

198 273 295 318 Ergo
315 274 500 308 Palladiae
519 276 698 307 texuntur
717 274 755 307 iu
775 274 901 308 ordine
920 286 1075 319 pugnae,

198 326 336 370 Magna
355 327 543 371 Giganteis
562 329 740 361 ornantur
758 327 864 371 pepla
881 329 1050 371 tropaeis,

198 379 360 414 Horrida
379 381 576 424 sanguineo
594 381 798 424 pinguntur
816 380 952 424 proelia
970 393 1073 415 cocco
1089 393 1100 424 ;

199 433 362 467 Additur
379 436 507 468 aurata
526 433 687 467 deiectus
707 434 854 477 cuspide
873 434 1038 478 Typhon,

199 486 271 527 Qui
289 487 401 531 prius,
423 487 565 520 Ossaeis
585 489 819 521 consternens
838 487 986 520 aethera
1005 487 1113 532 saxis,

198 539 370 574 Emathio
389 540 525 574 celsum
544 540 754 584 duplicabat
773 540 907 574 vertice
927 539 1137 584 Olympum.

199 593 284 627 Tale
304 593 392 627 deae
410 593 534 627 velum
552 593 705 627 solemni
723 593 761 627 in
779 595 942 638 tempore
961 596 1110 637 portant
1127 606 1136 630 ι

197 646 276 679 Tali
294 648 332 680 te
353 647 494 690 vellem,
516 647 693 681 iuvenum
712 647 932 690 doctissime,
954 647 1030 680 ritu

199 699 407 743 Purpureos
425 701 521 733 inter
540 700 640 734 Soles
660 702 697 734 et
717 700 870 734 candida
889 700 1014 734 Lunae

199 752 336 796 Sidera,
358 753 531 787 caeruleis
550 754 674 787 orbem
693 753 877 797 pulsantia
895 753 1000 797 bigis,

198 806 365 840 Naturae
383 818 505 840 rerum
523 807 663 851 magnis
681 807 845 840 intexere
864 806 998 840 chartis
1014 820 1023 848 ;

198 859 400 893 Aeternum
422 860 575 904 Sophiae
596 860 831 894 coniunctum
851 860 1009 893 carmine
1027 871 1162 894 nomen

198 912 336 947 Nostra
353 916 461 946 tuum
480 913 627 947 senibus
645 913 856 957 loqueretur
874 913 1005 957 pagina
1024 913 1136 947 seclis.

199 965 271 1000 Sed
291 967 464 1010 quoniam
483 967 530 1000 ad
548 969 671 1000 tantas
690 978 789 999 nunc
807 966 966 1010 primum
984 967 1166 1000 nascimur
1185 970 1292 1011 artes,

199 1018 312 1053 Nunc
330 1020 488 1063 primum
507 1022 651 1053 teneros
670 1020 856 1053 firmamus
875 1019 1003 1052 robore
1022 1031 1152 1053 nervos
1170 1033 1177 1061 3

199 1072 302 1106 Haec
320 1075 445 1106 tamen
464 1073 614 1116 interea,
637 1084 729 1116 quae
749 1084 953 1116 possumus,
976 1073 1015 1106 in
1035 1073 1167 1116 quibus
1187 1073 1268 1107 aevi

199 1125 325 1160 Prima
342 1126 552 1160 rudimenta
570 1129 607 1160 et
626 1126 761 1170 primos
781 1125 966 1169 exegimus
985 1138 1111 1170 annos,

199 1179 334 1223 Accipe
353 1180 450 1213 dona
468 1192 549 1213 meo
567 1180 729 1213 multum
747 1179 897 1223 vigilata
915 1179 1048 1222 labore,

201 1232 250 1266 Et
269 1233 444 1276 promissa
463 1233 527 1266 diu
546 1245 620 1266 non
639 1244 771 1276 magna
790 1232 939 1266 exordia
957 1233 1065 1266 rebus
1084 1246 1091 1267 z

201 1285 320 1330 Impia
339 1286 512 1330 prodigiis
531 1289 574 1320 ut
595 1286 779 1330 quondam
799 1286 974 1319 exterrita
991 1286 1124 1320 amoris

202 1339 324 1383 Scylla
342 1352 456 1373 novos
475 1340 599 1374 avium
618 1339 783 1373 sublimis
801 1339 840 1373 in
859 1343 939 1373 ae're
959 1342 1083 1373 coetus

201 1392 362 1436 Viderit,
384 1395 421 1427 et
439 1393 544 1427 tenui
564 1393 807 1426 conscendens
827 1393 973 1426 aethera
991 1405 1111 1437 penna

202 1446 385 1480 Caeruleis
404 1458 469 1480 sua
487 1449 586 1480 tecta
604 1446 922 1490 supervolitaverit
941 1446 1019 1489 alis,

202 1499 311 1534 Hanc
329 1512 394 1544 pro
413 1511 594 1544 purpureo
614 1511 768 1544 poenam
788 1500 960 1533 scelerata
979 1499 1109 1543 capillo

202 1553 347 1597 Proque
366 1553 480 1598 patris
499 1553 642 1586 solvens
661 1553 780 1586 excisa
798 1553 967 1586 funditus
986 1554 1085 1587 urbe.

202 1606 414 1651 Complures
433 1607 534 1640 illam
553 1609 590 1640 et
608 1606 743 1650 magni,
766 1606 937 1649 Messala,
959 1609 1140 1650 poetae—

202 1659 240 1694 N
243 1672 302 1694 am
322 1672 448 1694 verum
468 1660 648 1693 fateamur
666 1673 671 1694 :
701 1662 799 1693 amat
820 1659 1065 1703 Polyhymnia
1084 1672 1265 1694 verum—-

203 1713 327 1757 Longe
346 1714 417 1747 alia
434 1713 627 1757 perhibent
646 1716 827 1746 mutatam
845 1713 1007 1746 membra
1026 1713 1141 1756 figura
1158 1727 1165 1748 :

203 1767 409 1811 Scyllaeum
428 1779 558 1800 saxum
577 1769 740 1800 monstra
758 1766 933 1800 insectata
952 1767 1073 1800 vocari
1089 1780 1097 1808 ;

201 1820 310 1854 Illam
330 1820 550 1863 Messanam,
573 1832 684 1864 quam
703 1832 807 1863 saepe
826 1820 988 1863 legamus
1007 1819 1122 1864 Ulixi,

202 1873 365 1907 Candida
385 1874 605 1907 succinctam
624 1873 844 1907 latrantibus
863 1873 1014 1916 inguina
1032 1873 1218 1918 monstris,

203 1926 392 1960 Dulichias
412 1938 561 1960 vexasse
580 1929 677 1960 rates
697 1929 734 1960 et
752 1926 894 1970 gurgite
913 1926 952 1959 in
971 1927 1046 1960 alto

202 1979 409 2024 Deprensos
428 1982 559 2014 nautas
580 1980 729 2013 canibus
749 1980 921 2013 lacerasse
941 1979 1099 2014 marinis.

203 2033 274 2067 Sed
294 2045 413 2076 neque
434 2033 624 2067 Maeoniae
643 2033 732 2067 haec
752 2033 944 2077 patiuntur
963 2033 1107 2067 credere
1127 2033 1272 2068 chartac

202 2086 241 2120 N
243 2099 283 2120 ec
302 2087 419 2120 nialus
437 2088 592 2120 istorum
612 2087 732 2120 dubiis
751 2086 932 2120 erroribus
951 2090 1088 2122 auctor.

201 2139 373 2183 Namque
393 2141 481 2173 alias
500 2141 562 2173 alii
580 2140 689 2183 vulgo
709 2140 846 2173 finxere
866 2140 1018 2183 puellas,

203 2192 304 2234 Quae
325 2193 590 2237 Colophoniaco
610 2193 751 2237 Scyllae
771 2193 942 2226 dicantur
960 2193 1135 2228 Homero.

202 2245 285 2290 Ipse
306 2246 473 2280 Crataein
494 2247 545 2279 ait
564 2250 718 2280 matrem
737 2260 744 2288 ;
773 2246 836 2280 sed
856 2246 931 2280 sive
952 2246 1125 2288 CrataeiS,

203 2299 286 2333 Sive
306 2299 406 2333 illam
426 2303 588 2333 monstro
607 2300 735 2344 genuit
754 2311 926 2343 germana
945 2299 1102 2342 biformi,

203 2352 287 2386 Sive
307 2355 362 2385 cst
381 2356 512 2386 neutra
531 2365 672 2396 parens,
695 2356 805 2396 atque
825 2353 892 2386 hoc
911 2353 947 2385 in
970 2353 1126 2386 carmine
1145 2355 1226 2388 toto

202 2405 368 2449 Inguinis
388 2408 443 2440 est
462 2406 595 2439 vitium
615 2408 651 2440 ct
672 2406 813 2440 veneris
831 2405 1011 2450 descripta
1030 2405 1144 2440 libido
1161 2419 1170 2448 3

1389 912 1416 931 40

1390 1179 1417 1198 423

1391 1445 1418 1465 5ss

1391 1712 1418 1732 55

1393 1978 1420 1998 ΓιΟ
