1528 2569
639 114 772 141 1211}ssss
802 114 859 141 VI.

206 201 346 236 Luctus
365 204 401 235 et
420 200 566 235 ultrices
586 202 737 245 posuere
757 201 890 235 cubilia
910 199 1014 234 Curae
1031 211 1039 234 t

206 255 463 299 Pallentesque
482 255 650 288 habitant
671 255 707 288 M
715 255 805 297 orbi,
827 253 1016 297 tristisque
1036 252 1221 295 Senectus,

205 307 254 340 Et
272 307 408 351 Metus,
429 309 466 340 et
484 307 692 341 malesuada
710 307 850 350 Fames,
875 309 912 340 et
930 305 1046 349 turpis
1073 305 1233 350 Egestas,

205 359 395 393 Terribiles
414 360 495 393 visu
513 360 639 394 formae
657 373 665 401 ;
693 359 910 403 Letumque,
932 358 1122 402 Labosque
1138 371 1147 400 ;

205 412 298 446 Tum
317 412 604 456 consanguineus
623 412 705 446 Leti
724 412 846 456 Sopor,
871 414 907 445 et
926 411 1021 445 mala
1039 411 1172 444 mentis

206 465 358 508 Gaudia,
383 466 684 509 mortiferumque
703 465 853 499 adverso
872 465 911 498 in
929 464 1055 497 limine
1075 464 1232 507 Bellum,

205 518 400 561 Fen'eique
419 518 665 551 Eumenidum
684 518 847 561 thalami,
869 520 906 551 et
925 517 1114 551 Discordia
1133 517 1293 560 demens,

206 571 406 615 Vipereum
426 571 560 604 crinem
579 571 683 604 vittis
701 571 835 604 innexa
854 570 1021 604 cruentis.

208 623 253 656 In
273 623 393 657 medio
411 634 529 657 ramos
548 635 756 667 annosaque
775 623 921 657 brachia
939 622 1068 666 pandit

204 676 335 709 Ulmus
354 687 472 719 opaca,
492 676 619 719 ingens
639 689 646 717 ;
676 688 786 719 quam
806 676 928 709 sedem
948 675 1094 708 Somnia
1112 675 1224 718 vulgo

204 728 310 762 Vana
327 732 450 762 tenere
468 729 603 771 ferunt,
624 729 792 771 foliisque
811 728 877 761 sub
897 727 1065 761 omnibus
1083 727 1233 762 haerent.

205 781 400 824 Multaque
419 784 593 824 praeterea
611 782 792 814 variarum
810 783 972 814 monstra
989 781 1159 822 ferarum,

204 833 377 867 Centauri
394 834 433 866 in
452 834 589 867 foribus
607 834 806 877 stabulant,
830 833 1032 877 Scyllaeque
1051 832 1233 876 biformes,

203 886 252 920 Et
271 886 584 930 centumgeminus
603 886 784 929 Briareus,
806 898 848 920 ac
865 886 986 920 bellua
1006 886 1134 919 Lernae

203 937 439 972 Horrendum
458 939 626 982 stridens,
648 939 874 983 flammisque
894 941 1033 972 armata
1052 938 1242 981 Chimaera,

206 992 403 1035 Gorgones,
425 992 685 1036 Harpyiaeque,
707 995 744 1026 et
762 993 878 1026 forma
895 991 1101 1035 tricorporis
1120 991 1268 1025 umbrae.

204 1044 358 1088 Corripit
376 1045 435 1078 hic
453 1045 575 1078 subita
593 1045 756 1088 trepidus
774 1044 967 1078 fonnidine
985 1045 1122 1078 ferrum

206 1096 354 1140 AEneas,
377 1097 613 1140 strictamque
632 1098 745 1131 aciem
765 1097 995 1131 venientibus
1014 1097 1139 1138 offert3

206 1150 266 1192 Et,
289 1153 328 1184 ni
347 1150 454 1184 docta
472 1161 589 1184 comes
608 1153 735 1184 tenues
754 1151 831 1184 sine
851 1161 998 1193 corpore
1018 1150 1110 1183 vitas

205 1203 411 1236 Admoneat
429 1203 582 1236 volitare
601 1206 690 1237 cava
708 1203 776 1236 sub
794 1203 949 1246 imagine
968 1203 1107 1245 formae,

206 1255 339 1299 Irruat,
362 1258 398 1289 et
416 1256 550 1289 frustra
568 1257 664 1289 ferro
682 1256 887 1290 diverberet
905 1255 1060 1289 umbras.

259 1307 358 1342 Hinc
376 1308 435 1342 via
460 1308 621 1342 Tartarei
640 1320 722 1353 quae
741 1309 812 1342 fert
832 1308 1048 1342 Acherontis
1067 1308 1113 1342 ad
1132 1309 1258 1343 undas.

205 1361 386 1395 Turbidus
403 1360 462 1394 hic
480 1372 583 1395 coeno
602 1364 776 1405 vastaque
794 1361 965 1405 voragine
983 1372 1112 1404 gurges

207 1413 370 1457 AEstuat,
392 1416 502 1458 atque
522 1425 666 1447 omnem
686 1414 822 1458 Cocyto
841 1416 983 1447 eructat
1002 1425 1157 1448 arenam.

206 1467 368 1500 Portitor
385 1466 451 1500 has
469 1467 670 1500 horrendus
689 1478 800 1510 aquas
819 1469 857 1500 et
875 1466 1027 1500 fiumina
1046 1469 1165 1500 servat

205 1519 371 1552 Terribili
389 1519 555 1562 squalore
576 1519 738 1554 Charon:
768 1520 825 1553 cui
844 1519 1000 1563 plurima
1018 1522 1142 1553 mento

206 1571 364 1605 Canities
382 1572 523 1605 inculta
537 1572 655 1616 jacet;
684 1575 784 1606 stant
802 1572 942 1606 lumina
960 1570 1125 1613 flamm&

206 1624 380 1658 Sordidus
399 1636 444 1658 ex
462 1625 623 1658 humeris
640 1625 736 1659 nodo
755 1625 937 1669 dependet
955 1625 1117 1658 amictus.

206 1677 288 1720 Ipse
306 1681 423 1711 ratem
442 1680 550 1711 conto
569 1678 717 1722 subigit,
739 1678 900 1722 velisque
920 1678 1115 1721 ministrat,

204 1729 254 1762 Et
272 1730 475 1772 ferruginea
494 1731 683 1764 subvectat
702 1743 849 1774 corpora
868 1731 998 1774 cymba
1016 1743 1025 1772 3

205 1782 291 1816 Jam
311 1783 432 1816 senior
443 1796 451 1824 ;
479 1783 542 1816 secl
562 1783 673 1817 cruda
691 1784 769 1817 Deo
789 1783 987 1827 viridisque
1006 1785 1181 1817 senectus.

205 1834 291 1868 Huc
310 1836 427 1868 omnis
445 1836 554 1869 turba
573 1836 619 1869 ad
638 1836 734 1879 ripas
752 1837 864 1869 effusa
883 1836 1011 1869 ruebat
1022 1849 1031 1877 3

206 1887 359 1930 Matres,
381 1890 491 1932 atque
511 1889 592 1929 viri,
615 1889 859 1933 defunctaque
878 1899 1025 1932 corpora
1044 1887 1123 1922 vita

205 1940 484 1984 Magnanimum
502 1941 664 1984 heroum,
686 1942 789 1985 pueri
807 1941 1044 1985 innuptaeque
1062 1941 1207 1985 puellae,

205 1992 445 2037 Impositique
464 1994 559 2037 rogis
572 1994 727 2038 juvenes
746 1997 830 2028 ante
850 2006 911 2028 ora
929 1996 1132 2038 parentum.

206 2048 324 2085 Quam
342 2046 460 2079 multa
478 2047 516 2079 in
536 2047 647 2090 sylvis
665 2047 833 2080 autumni
852 2045 986 2090 frigore
1005 2046 1122 2090 primo

205 2096 322 2141 Lapsa
341 2099 478 2132 cadunt
496 2099 593 2142 folia,
616 2102 681 2133 aut
700 2100 747 2133 ad
765 2103 899 2134 terram
918 2099 1060 2143 gurgite
1079 2099 1124 2132 ab
1144 2099 1219 2133 alto

207 2150 323 2190 Quam
341 2152 469 2185 multae
487 2153 734 2196 glomerantur
752 2164 847 2196 aves,
869 2153 934 2186 ubi
951 2152 1105 2196 frigidus
1123 2164 1241 2186 annus

205 2202 318 2237 Trans
336 2207 492 2248 pontum
510 2205 626 2249 fugat,
648 2208 684 2239 et
703 2206 809 2240 terris
826 2205 996 2239 immittit
1014 2205 1144 2249 apricis
1161 2218 1169 2247 ;

205 2255 361 2290 Stabant
379 2260 524 2291 orantes
544 2259 648 2302 primi
667 2259 915 2292 transmittere
935 2269 1092 2301 cursum,

205 2307 490 2354 Tendebantque
509 2322 638 2345 manus
657 2312 744 2356 ripae
763 2311 946 2345 ulterioris
964 2322 1085 2345 amore
1102 2322 1109 2344 :

206 2359 344 2395 Navita
362 2362 424 2396 sed
442 2363 559 2397 tristis
577 2375 675 2398 nunc
693 2364 772 2407 hos,
793 2375 892 2398 nunc
909 2363 1039 2408 accipit
1058 2363 1159 2404 illos;

1332 103 1408 140 101

1369 515 1411 535 230

1370 779 1411 799 25.

1371 1042 1412 1062 29⁴»

1373 1308 1414 1328 295

1375 1571 1415 1590 3011

1374 1835 1417 1855 305

1375 2098 1415 2118 3111

1374 2363 1413 2381 31³
