1559 2584
102 96 152 134 14

577 103 761 133 VIRG1L11
792 101 947 130 AENEIS.

208 192 383 228 Oramus:
413 192 564 236 prohibe
583 191 754 226 infandos
776 203 797 225 a
816 191 971 225 navibus
991 188 1105 234 ignes,
1385 185 1426 207 ⁸²³

208 247 322 280 Parce
341 245 401 290 pio
419 245 553 290 generi,
579 248 616 279 et
634 245 784 289 propius
802 256 859 278 res
879 243 997 288 aspice
1016 246 1166 278 nostras.

209 299 296 333 Non
315 310 382 332 nos
401 300 466 332 aut
484 298 580 332 ferro
600 298 757 341 Libycos
776 297 950 341 populare
971 297 1128 330 Penates

208 352 401 394 Venimus,
424 353 490 385 aut
508 353 632 395 raptas
652 351 699 384 ad
718 351 846 384 littora
864 352 1007 383 vertere
1026 349 1169 393 praedas
1185 361 1194 383 ε

210 405 299 439 Non
319 416 361 438 ea
380 404 434 437 vis
453 404 590 447 animo,
612 415 679 437 nec
698 406 804 437 tanta
823 402 992 446 superbia
1011 402 1126 436 victis

210 457 278 491 Est
297 457 410 500 locus,
433 457 650 501 Hesperiam
670 456 767 490 Graii
790 455 1004 499 cognomine
1023 455 1174 494 dicunt3
1389 451 1425 472 ⁵³¹

213 511 323 544 Terra
341 510 504 554 antiqua,
528 512 659 554 potens
679 509 787 542 arinis
806 512 918 552 atque
937 508 1049 541 ubere
1067 508 1203 551 glebae3

213 563 360 597 OEnotri
379 563 521 597 coluere
540 562 611 596 viri
628 575 636 605 3
669 573 768 595 nunc
787 561 885 595 fama
903 561 1062 595 minores

213 616 362 650 Italiam
381 615 516 649 dixisse
536 615 638 649 ducis
658 615 703 648 de
722 615 869 648 nomine
887 617 1044 659 gentem.

213 669 300 703 Huc
318 680 443 702 cursus
461 669 553 703 fuit:

214 722 337 763 Quum
357 722 477 755 subito
497 733 688 765 assurgens
707 721 824 755 fluctu
843 721 1030 754 nimbosus
1049 720 1162 754 Orion
1393 716 1434 737 ⁵³⁵

215 775 261 808 In
280 775 375 809 vada
394 786 487 808 caeca
504 775 604 817 tulit,
626 775 845 819 penitusque
864 774 1075 818 procacibus
1093 773 1238 807 Austris

215 828 359 871 Perque
380 828 508 871 undas,
532 830 725 872 superante
744 827 831 870 salo,
853 839 989 871 perque
1004 827 1104 860 invia
1123 839 1209 861 saxa

216 880 398 925 Dispulit:
427 880 500 914 huc
519 881 624 924 pauci
643 880 773 914 vestris
791 880 1007 914 adnavimus
1026 880 1107 914 oris.

217 933 325 974 Quod
339 945 453 978 genus
467 934 535 967 hoc
546 933 757 967 hominum?
786 945 914 977 quaeve
928 933 1027 966 hunc
1041 935 1119 966 tam
1132 932 1286 966 barbara
1300 944 1436 966 morem

217 987 407 1020 Permittit
426 987 565 1030 patria?
592 986 751 1030 hospitio
771 986 1006 1029 prohibemur
1024 997 1163 1020 arenae:
1396 984 1437 1003 ¹⁵¹⁰

219 1039 322 1073 Bella
341 1039 450 1082 cient,
473 1040 662 1083 primaque
682 1041 810 1072 vetant
829 1039 1023 1072 consistere
1041 1041 1148 1072 terra.

219 1092 259 1126 Si
276 1104 390 1136 genus
409 1092 612 1126 humanum
631 1095 668 1125 et
687 1092 856 1125 mortalia
874 1091 1040 1125 temnitis
1058 1103 1170 1135 arma,

219 1146 272 1179 At
291 1148 431 1189 sperate
451 1145 549 1179 Deos
567 1157 744 1179 memores
763 1145 866 1178 fandi
885 1147 996 1189 atque
1015 1144 1174 1178 nefandi.

219 1198 302 1232 Rex
321 1201 399 1231 erat
419 1198 556 1232 AEneas
575 1198 692 1241 nobis,
715 1209 787 1241 quo
803 1198 938 1242 justior
957 1198 1050 1231 alter

219 1251 259 1285 N
261 1263 301 1285 ec
319 1252 455 1295 pietate
474 1251 558 1295 fuit,
580 1263 647 1284 nec
666 1251 761 1284 bello
780 1251 897 1295 major
915 1253 952 1284 et
971 1251 1080 1284 armis
1098 1264 1106 1292 ;
1400 1247 1442 1268 ⁵⁴⁵

221 1304 339 1345 Quem
359 1304 388 1337 si
406 1305 482 1338 fata
500 1304 621 1338 virum
640 1307 799 1346 servant,
822 1304 851 1337 si
869 1304 1028 1337 vescitur
1045 1305 1135 1338 aura

220 1357 398 1391 AEtherea
417 1369 536 1402 neque
555 1357 674 1391 adhuc
693 1357 900 1391 crudelibus
918 1357 1070 1391 occubat
1089 1357 1239 1401 umbris,

220 1409 309 1444 Non
327 1413 446 1444 metus
466 1411 580 1444 officio
599 1423 645 1444 ne
663 1413 701 1444 te
721 1413 874 1444 certasse
892 1410 1049 1454 priorem

220 1463 415 1497 Poeniteat.
479 1464 573 1497 Sunt
593 1467 629 1497 et
650 1464 777 1497 Siculis
796 1464 1002 1507 regionibus
1020 1464 1140 1506 urbes,

220 1517 406 1560 Arvaque,
430 1517 659 1561 Trojanoque
679 1529 700 1550 a
719 1517 893 1560 sanguine
912 1517 1028 1551 clarus
1047 1517 1206 1550 Acestes.
1403 1516 1444 1533 ⁵⁵⁰

221 1568 437 1609 Quaesatam
456 1570 576 1603 ventis
595 1570 701 1603 liceat
721 1570 920 1603 subducere
939 1570 1101 1612 classem,

221 1621 271 1655 Et
290 1622 402 1666 sylvis
420 1625 544 1666 aptare
563 1623 696 1666 trabes,
719 1626 756 1656 et
775 1623 950 1667 stringere
969 1633 1086 1656 remos
1104 1635 1111 1657 :

222 1675 261 1709 Si
279 1675 389 1709 datur
408 1675 567 1718 Italiam,
591 1675 695 1709 sociis
715 1678 751 1709 et
770 1687 852 1719 rege
872 1678 1027 1719 recepto,

221 1727 395 1771 Tendere,
418 1731 461 1762 ut
481 1729 628 1762 Italiam
648 1729 724 1762 laeti
743 1729 964 1772 Latiumque
982 1731 1150 1772 petamus
1168 1741 1174 1762 z

222 1780 285 1814 Sin
306 1782 499 1825 absumpta
517 1782 625 1824 salim,
649 1784 685 1815 et
705 1784 754 1824 te,
776 1784 881 1825 pater
899 1782 1036 1825 optime
1056 1782 1248 1825 Teucrum,
1404 1780 1445 1800 ⁶⁵⁵

221 1834 364 1868 Pontus
382 1835 493 1868 habet
514 1835 652 1878 Libyae,
675 1847 742 1868 nec
761 1846 841 1877 spes
855 1835 933 1878 jam
952 1837 1065 1868 restat
1085 1834 1160 1869 Iffli
1176 1848 1185 1877 ;

220 1887 272 1920 At
291 1888 385 1921 freta
405 1887 556 1922 Sicaniae
577 1888 706 1921 saltem
725 1888 901 1931 sedesque
920 1890 1076 1931 paratas,

221 1939 329 1974 Unde
349 1941 421 1974 huc
440 1940 596 1984 advecti,
618 1952 813 1985 regemque
832 1943 999 1984 petamus
1020 1940 1215 1974 Acesten.’'

274 1993 421 2027 Talibus
441 1993 603 2027 Ilioneus
621 2007 628 2029 :
658 1994 779 2027 cuncti
799 1994 908 2027 simul
927 2005 987 2027 ore
1005 1994 1209 2027 fremebant

218 2045 451 2082 Dardanidae.
1403 2044 1446 2064 ⁵⁶⁰

220 2099 313 2133 Tum
334 2101 491 2134 breviter
510 2100 607 2134 Dido
626 2100 772 2134 vultum
792 2100 948 2134 demissa
965 2100 1131 2144 profatur
1151 2112 1158 2134 ε

223 2153 248 2170 “
265 2152 403 2187 Solvite
422 2153 528 2187 corde
547 2156 700 2196 metum,
723 2153 863 2196 Teucri,
886 2153 1061 2187 secludite
1081 2163 1192 2187 curas.

218 2204 293 2238 Res
312 2206 404 2240 dura
424 2210 460 2239 et
479 2207 582 2250 regni
601 2207 744 2240 novitas
764 2218 822 2240 me
841 2206 930 2240 talia
949 2208 1084 2251 cogunt

219 2256 358 2301 Moliri,
381 2261 418 2292 ct
437 2259 509 2292 late
531 2260 618 2293 fines
638 2260 787 2293 custode
807 2259 911 2293 tueri.

220 2310 310 2351 Quis
328 2323 442 2355 genus
462 2311 682 2355 AE110adfi1n‚
708 2313 789 2356 quis
809 2312 926 2356 Trojae
945 2312 1083 2345 nesciat
1103 2311 1252 2346 urbem?
1403 2309 1444 2328 ⁵⁶⁵

218 2362 473 2409 Virtutesque,
496 2365 678 2410 virosque,
701 2368 737 2399 et
756 2365 851 2399 tanti
869 2364 1036 2399 incendia
1054 2364 1162 2398 belli?
