1528 2569
626 142 799 170 ECLOGA
828 142 888 169 1x.
1359 133 1408 171 19

96 230 286 265 Credimus
302 229 315 264 2
341 242 401 274 an,
424 229 489 274 qui
513 234 650 274 amant,
679 232 749 276 ipsi
767 232 836 265 sibi
855 231 994 266 somnia
1012 231 1186 275 fingunt?

95 283 252 327 Parcite,
279 283 326 317 ab
343 283 434 317 urbe
452 284 567 328 venit,
578 284 656 329 jam
675 285 823 329 parcite,
846 285 1016 328 carmina,
1038 284 1213 329 Daphnis.

475 536 675 572 ECLOGA
702 536 771 572 IX.
778 536 1019 572 —MOERIS.

571 633 739 658 LYOIDAS.
800 633 830 656 M
833 633 907 657 OERI
911 632 938 657 S.

145 699 233 734 ch.
268 698 352 740 QUO
370 701 420 742 te,
443 698 566 742 Moeri,
589 698 726 742 pedes?
752 709 812 741 an,
835 709 908 742 quo
928 698 988 731 via
1007 697 1122 742 ducit,
1144 697 1183 732 in
1198 699 1327 734 urbem
1345 699 1358 734 7

149 752 263 786 MOER.
299 752 329 786 O
349 752 498 796 Lycida,
521 751 597 785 vivi
615 751 850 795 pervenimus
868 763 875 785 :
904 750 1046 784 advena
1065 751 1194 795 nostri,

93 805 200 847 Quod
219 817 409 849 nunquam
434 805 542 839 veriti
561 816 699 847 sumus,
722 806 765 837 ut
784 815 966 848 possessor
985 804 1092 847 agelli

91 858 248 901 Diceret,
274 858 367 892 Haec
385 869 465 892 mea
484 860 572 891 sunt
590 870 596 892 :
626 860 767 891 veteres
785 857 937 900 migrate
958 857 1084 891 coloni.

90 911 130 946 N
131 923 202 945 unc
220 912 321 954 Victi,
343 911 479 954 tristes,
498 911 672 954 quoniam
691 910 781 943 Fors
801 910 922 943 omnia
940 913 1073 953 versat,

90 963 171 998 Hos
189 964 244 997 illi
264 964 377 1009 (quod
395 976 462 998 nec
480 964 571 997 bene
591 965 711 997 vertat
728 964 751 1008 Ι)
770 963 952 996 mittimus
971 962 1050 997 haed
1057 974 1105 998 os.

143 1018 231 1051 LYC.
266 1017 372 1050 Certe
392 1017 560 1060 equidem
580 1016 778 1059 audieram,
802 1028 874 1060 qua
893 1027 930 1049 se
949 1016 1148 1050 subducere
1167 1016 1275 1051 colles

89 1070 289 1115 Incipiunt,
311 1070 485 1114 mollique
500 1070 632 1113 jugum
651 1070 843 1103 demittere
863 1069 968 1112 clivo,

90 1123 215 1168 Usque
235 1123 281 1157 ad
301 1134 445 1167 aquam,
468 1125 505 1156 et
525 1125 676 1166 veteres,
695 1122 773 1166 jam
787 1122 904 1156 fracta
923 1122 1122 1166 cacumina,
1145 1123 1257 1167 fagos,

90 1176 223 1210 Omnia
242 1176 460 1210 carminibus
480 1179 643 1209 vestrum
663 1177 824 1209 servasse
844 1175 1049 1209 Menalcan.

141 1229 255 1263 MOER.
289 1229 468 1262 Audieras
487 1241 495 1270 ;
524 1231 561 1261 et
580 1229 677 1262 fama
695 1229 767 1261 fuit
788 1241 794 1262 :
824 1228 887 1261 sed
907 1228 1064 1261 carmina
1082 1231 1230 1262 tantum

88 1282 228 1316 Nostra
246 1282 382 1325 valent,
406 1281 554 1325 Lycida,
576 1282 650 1315 tela
668 1282 765 1314 inter
784 1281 932 1324 Martia,
956 1283 1136 1324 quantum

88 1336 267 1369 Chaonias
288 1335 428 1377 dicunt,
452 1335 576 1378 aquila
596 1335 777 1376 veniente,
802 1334 995 1368 columbas.

88 1388 194 1429 Quod
213 1388 284 1421 nisi
303 1399 360 1421 me
381 1399 610 1431 quacumque
629 1398 741 1420 novas
760 1387 919 1420 incidere
939 1387 1022 1420 lites

86 1443 185 1475 Ante
205 1440 352 1474 sinistra
372 1442 461 1474 cava
480 1440 679 1473 monuisset
699 1440 743 1473 ab
762 1440 842 1472 ilice
862 1440 988 1474 cornix
1005 1453 1014 1481 ;

86 1494 122 1528 N
127 1506 166 1528 ec
185 1497 272 1528 tuus
292 1494 350 1527 hic
370 1493 512 1536 Moeris,
534 1505 601 1526 nec
620 1492 760 1526 viveret
779 1492 856 1536 ipse
875 1493 1074 1527 Menalcas.

138 1547 226 1581 LYC.
260 1547 347 1580 Heu
368 1548 373 1580 !
405 1546 503 1580 cadit
534 1546 573 1579 in
606 1557 827 1589 quemquam
857 1548 1005 1580 tantum
1036 1546 1180 1582 scelus?
1220 1547 1305 1592 heu,
1340 1551 1406 1583 tua

294 1600 400 1633 nobis

86 1653 185 1687 Pene
205 1653 314 1686 simul
333 1656 456 1686 tecum
476 1652 606 1685 solatia
623 1654 740 1696 rapta,
763 1652 933 1687 Menalca
952 1654 959 1688 !

86 1706 175 1747 Quis
194 1708 339 1740 caneret
360 1705 554 1749 Nymphas
572 1706 583 1739 2
612 1706 694 1749 quis
713 1705 867 1738 humum
886 1706 1100 1740 florentibus
1118 1706 1239 1740 herbis

85 1759 275 1803 Spargeret
293 1759 305 1793 2
332 1762 397 1792 aut
416 1759 526 1792 viridi
545 1759 665 1792 fontes
685 1758 875 1792 induceret
893 1759 1024 1793 umbra
1041 1759 1054 1794 ’ἰ

84 1811 156 1846 Vel
175 1824 257 1856 quae
277 1812 416 1856 sublegi
435 1812 569 1845 tacitus
588 1811 658 1844 tibi
677 1812 837 1845 carmina
855 1823 983 1855 nuper,

85 1864 207 1906 Quum
226 1867 263 1898 te
282 1865 329 1898 ad
349 1865 495 1898 delicias
514 1865 637 1907 ferres,
660 1864 901 1908 Amaryllida,
919 1867 1062 1899 nostras
1079 1865 1092 1900 ‘3

86 1918 219 1962 Tityre,
242 1918 330 1951 dum
348 1918 458 1961 redeo,
482 1917 610 1963 (brevis
629 1919 678 1951 est
696 1917 787 1963 via),
804 1929 908 1961 pasce
928 1918 1077 1961 capellas
1091 1929 1105 1962 ;

84 1971 133 2005 Et
146 1973 274 2015 potam
289 1973 414 2014 pastas
433 1983 506 2015 aye,
531 1971 653 2014 Tityre
663 1982 675 2012 ,·
704 1973 735 2004 et
753 1971 848 2004 inter
867 1971 1044 2014 ayendwm

87 2024 275 2058 Occursare
294 2035 398 2067 capro
418 2023 548 2069 (cornu
561 2024 650 2067 ferit
668 2023 745 2069 ille)
765 2026 888 2057 caveto.

136 2077 250 2111 MOER.
285 2077 404 2110 Immo
423 2076 513 2119 haee,
537 2088 618 2120 quae
638 2076 737 2110 Varo
756 2077 913 2110 necdum
933 2077 1094 2120 perfecta
1113 2077 1266 2112 canebat
1287 2091 1294 2112 ι

90 2129 194 2173 Vare,
218 2132 322 2163 tuum
341 2132 662 2173 nomen—superet
681 2129 782 2162 modo
802 2130 967 2163 lisantua
985 2128 1096 2174 nobis,

87 2183 247 2217 Mantua
265 2195 315 2216 ‘vce
333 2184 469 2216 miscroe
487 2183 645 2216 nimbum
663 2182 782 2215 vicina
804 2182 984 2216 Cremonae
1001 2182 1070 2218 !—

86 2236 279 2270 Cantantes
298 2236 442 2269 sublime
455 2236 574 2279 ferent
595 2235 642 2268 ad
660 2235 778 2269 sidera
797 2236 905 2278 cycni.

135 2288 224 2323 LYo.
259 2289 317 2323 Sic
335 2291 401 2322 tua
421 2289 579 2332 Cyrneas
598 2288 742 2332 fugiant
762 2289 929 2322 examina
946 2291 1052 2324 taxos
1067 2301 1078 2333 ;

83 2340 141 2375 Sic
161 2342 274 2386 cytiso
293 2345 408 2386 pastae
427 2342 640 2375 distendant
658 2342 770 2375 ubera
787 2353 906 2375 vaccae
926 2355 933 2376 :

83 2393 220 2439 Incipe,
243 2395 274 2429 si
292 2395 382 2432 Quid
400 2395 511 2429 habes
532 2408 538 2430 ε
568 2398 605 2429 et
624 2407 682 2429 me
702 2395 817 2429 fecere
836 2398 982 2439 poetam

1382 1174 1408 1195 10

1381 1439 1405 1460 1⁵

1374 1758 1404 1780 2⁰
