1528 2569
625 110 756 139 [nucu
788 110 843 137 vr.
1317 99 1388 136 115

187 199 380 243 Egregium
400 198 517 232 forma
532 198 707 242 juvenem
727 200 764 231 et
783 196 1009 241 fulgentibus
1027 196 1148 239 armis,

188 252 259 286 Sed
276 253 377 285 frons
395 252 480 285 laeta
499 263 639 294 parum,
661 253 698 284 et
717 251 859 294 dejecto
877 249 1016 283 lumina
1034 249 1156 293 vultu)
1174 262 1181 284 ε

191 306 216 323 “
231 304 332 348 Quis,
353 306 468 348 pater,
490 304 551 337 ille
571 304 691 337 virum
711 303 774 346 qui
793 303 842 336 sic
862 302 1058 336 comitatur
1076 302 1250 336 euntem?

188 357 330 391 Filius?
357 368 451 390 anne
470 357 600 400 aliquis
619 359 752 400 magna
771 356 815 389 de
834 355 944 398 stirpe
963 357 1138 398 nepotum
1156 356 1167 389 ἶ)
1350 352 1391 372 ⁸⁵⁵

189 410 278 451 Quis
297 410 470 453 strepitus
489 409 580 444 circa
598 409 773 443 comitum
790 410 796 442 Ξ
827 410 1006 452 quantum
1025 408 1140 441 instar
1158 408 1197 441 in
1215 407 1292 451 ipso
1312 410 1366 441 cst
1384 409 1391 442 i

189 463 259 497 Sed
277 474 351 496 nox
369 465 449 496 atra
468 465 577 506 caput
595 462 693 495 tristi
713 461 947 495 circumvolat
966 461 1103 494 umbra.
1114 459 1135 476 ”

190 516 284 549 Tum
302 518 406 559 pater
424 515 599 548 Anchises
618 514 785 557 lacrymis
805 514 986 557 ingressus
1001 513 1138 547 obortis
1155 526 1163 548 z

192 570 217 586 “
234 568 264 602 O
284 571 382 611 nate,
399 568 583 611 ingentem
602 567 743 601 luctum
763 578 808 599 ne
826 559 950 610 Xquaere
969 568 1117 599 tuorum
1136 580 1143 607 3

190 621 394 655 Ostendent
413 620 518 654 terris
536 620 634 653 hunc
652 622 800 653 tantum
819 619 907 662 fata,
930 630 1049 662 neque
1067 619 1165 653 ultra
1352 617 1395 640 ⁸7⁰

189 673 277 707 Esse
296 674 427 707 sinent.
488 673 655 706 Nimium
674 672 777 705 vobis
795 671 962 705 Romana
980 682 1138 714 propago

189 725 279 760 Visa
297 728 438 770 potens,
462 725 593 768 superi,
615 725 759 768 propria
778 724 855 757 haec
874 724 904 756 si
924 724 1020 757 dona
1039 724 1203 758 fuissent.

191 778 355 819 Quantos
372 778 433 811 ille
452 778 571 811 virum
591 789 759 821 magnam
779 776 958 810 Mavortis
977 777 1023 809 ad
1042 777 1169 810 urbem

190 831 346 875 Campus
365 833 447 875 aget
466 831 623 874 gemitus
643 832 649 864 ἱ
679 830 738 863 vel
757 841 852 873 quae,
875 829 1052 872 Tiberine,
1070 830 1210 863 videbis

190 884 347 927 Funera,
371 895 485 928 quum
504 883 691 917 tumulum
709 882 961 927 praeterlabere
980 884 1162 916 recentem
1181 884 1188 916 l
1356 881 1382 904 ⁸7
1385 881 1397 900 ⁵

191 936 229 971 N
231 949 270 971 ec
288 949 378 981 puer
396 937 509 970 Iliaca
529 936 723 980 quisquam
742 935 786 969 de
801 937 908 979 gente
928 935 1079 969 Latinos

192 990 239 1023 In
257 992 404 1024 tantum
423 1001 485 1033 spe
503 989 609 1022 tollet
629 999 714 1022 avos
734 1001 743 1030 ;
771 999 837 1021 nec
857 988 1016 1021 Romula
1035 988 1220 1031 quondam

192 1043 279 1076 Ullo
299 1054 335 1076 se
354 1045 502 1076 tantum
520 1042 630 1075 tellus
645 1041 799 1085 jactabit
818 1041 975 1074 alumno.

192 1095 279 1129 Heu
296 1096 412 1140 pietas
432 1097 438 1129 !
469 1095 542 1128 heu
561 1095 676 1139 prisca
694 1094 783 1127 fides
803 1095 810 1128 1
839 1094 1047 1137 invictaque
1065 1093 1161 1127 bello

192 1149 354 1182 Dextera
373 1150 378 1181 !
409 1159 483 1181 non
501 1148 556 1180 illi
575 1147 767 1191 quisquam
787 1158 823 1180 se
841 1146 990 1190 impune
1008 1147 1153 1180 tulisset
1359 1146 1402 1164 ⁸⁵⁰

193 1201 332 1235 Obvius
351 1203 490 1234 armato
511 1213 519 1242 3
548 1212 611 1233 seu
630 1211 744 1244 quum
763 1199 872 1243 pedes
890 1199 960 1232 iret
977 1199 1017 1232 in
1035 1199 1189 1243 hostem,

194 1254 265 1288 Seu
284 1254 488 1298 spumantis
507 1253 592 1297 equi
610 1252 750 1286 foderet
770 1252 966 1286 calcaribus
985 1263 1111 1286 armos

193 1307 280 1340 Heu
299 1306 501 1340 miserande
520 1318 610 1350 puer
626 1308 633 1339 Ξ
663 1306 693 1339 si
712 1317 785 1349 qua
803 1305 880 1338 fata
899 1316 1024 1348 aspera
1041 1317 1200 1349 rumpas,

195 1359 250 1393 Tu
270 1359 467 1392 Marcellus
487 1359 564 1392 eris.
626 1358 799 1391 Manibus
818 1358 902 1391 date
921 1358 998 1391 lilia
1015 1358 1131 1401 plenis
1150 1371 1156 1392 :

195 1412 402 1456 Purpureos
422 1423 585 1455 spargam
603 1411 719 1453 flores,
741 1410 973 1454 animamque
988 1411 1130 1454 nepotis
1362 1410 1403 1429 ⁸⁸⁶

196 1465 266 1498 His
285 1465 413 1498 saltem
432 1464 656 1498 accumulem
675 1463 791 1506 donis,
814 1466 852 1496 et
869 1463 1002 1506 fungar
1020 1462 1121 1497 inani

195 1517 388 1551 Munere.’'
443 1517 501 1551 Sic
519 1519 600 1550 tota
618 1516 751 1560 passim
769 1516 914 1559 regione
934 1518 1115 1559 vagantur

195 1569 302 1604 Aeris
320 1571 359 1604 in
379 1570 514 1614 campis
531 1570 627 1612 latis,
650 1571 760 1613 atque
780 1569 902 1602 omnia
919 1569 1087 1602 lustrant.

197 1623 287 1664 Quae
306 1626 499 1667 postquam
518 1622 694 1656 Anchises
713 1624 843 1655 natum
861 1633 926 1665 per
944 1621 1085 1665 singula
1104 1622 1224 1666 duxit,

197 1676 439 1720 Incenditque
459 1675 622 1709 animum
641 1676 748 1708 famae
767 1674 949 1708 venientis
968 1686 1102 1718 amore,
1365 1674 1407 1693 ⁸9⁰

197 1729 293 1762 Exin
311 1729 407 1762 bella
421 1728 499 1761 viro
518 1731 695 1761 memorat
715 1739 797 1771 quae
816 1727 948 1760 deinde
966 1727 1123 1771 gerenda.
1141 1740 1149 1769 ;

198 1782 469 1824 Laurentesque
490 1780 595 1814 docet
615 1781 781 1824 populos,
805 1780 1005 1823 urbemque
1025 1780 1149 1814 Latini
1167 1793 1174 1821 ;

198 1834 247 1867 Et
266 1845 338 1878 quo
358 1845 539 1877 quemque
559 1833 667 1866 modo
686 1833 877 1876 fugiatque
896 1832 1061 1876 feratque
1079 1833 1248 1866 laborem.

251 1886 345 1920 Sunt
364 1886 518 1929 geminae
538 1885 663 1919 Somni
682 1888 797 1929 portae
816 1897 822 1918 :
852 1896 1007 1928 quarum
1026 1885 1140 1919 altera
1159 1886 1275 1919 fertur

198 1939 348 1982 Cornea,
371 1941 445 1982 qua
467 1938 558 1971 veris
572 1938 689 1971 facilis
708 1938 817 1971 datur
836 1938 958 1971 exitus
976 1938 1115 1972 umbris
1133 1951 1143 1981 ;
1368 1937 1408 1956 ⁸⁰⁵

197 1993 338 2034 Altera,
358 1991 528 2025 candenti
546 1991 706 2035 perfecta
724 1991 846 2024 nitens
866 1990 1060 2033 elephanto
1080 2003 1089 2032 3

199 2044 270 2078 Sed
289 2045 380 2078 falsa
399 2044 446 2077 ad
466 2044 598 2077 coelum
617 2044 774 2076 mittunt
793 2043 974 2076 insomnia
992 2053 1125 2077 manes.

199 2097 269 2131 His
288 2097 352 2130 ubi
371 2100 453 2130 tum
473 2099 603 2130 natum
622 2096 797 2129 Anchises
816 2107 964 2139 unaque
984 2095 1162 2139 Sibyllam

199 2149 440 2194 Prosequitur
458 2149 578 2192 dictis,
600 2151 776 2193 portaque
796 2148 934 2181 emittit
953 2148 1104 2192 eburna,

198 2203 267 2236 Ille
288 2203 385 2236 viam
405 2205 501 2236 secat
522 2202 567 2235 ad
587 2213 709 2245 naves,
733 2201 918 2244 sociosque
937 2200 1062 2234 revisit
1078 2213 1088 2242 ;
1370 2199 1412 2219 ⁹⁰⁰

198 2255 292 2289 Tum
311 2267 347 2288 se
367 2254 413 2288 ad
434 2254 568 2288 Oaietae
587 2257 685 2288 recto
704 2254 775 2287 fert
793 2254 910 2286 limite
928 2256 1085 2297 portum.

200 2308 344 2342 Ancora
362 2307 408 2341 de
427 2310 536 2352 prora
550 2307 688 2352 jacitur
705 2320 713 2349 ;
742 2309 844 2340 stant
863 2306 986 2340 littore
1005 2317 1153 2351 puppes.
