1528 2569
638 112 811 141 ECLOGA
839 113 895 141 IV.

164 199 270 233 Molli
287 199 476 243 paullatim
495 199 663 234 flavescet
682 212 829 245 campus
847 201 970 244 arist-fi,

164 252 391 296 Incultisque
410 253 543 286 rubens
562 253 734 296 pendebit
753 254 916 287 sentibus
934 265 1006 288 uva
1025 265 1035 296 3

145 311 147 313 '
162 304 212 338 Et
230 305 330 339 durae
350 317 502 349 quereus
521 306 706 339 sudabunt
724 307 863 340 roscida
881 307 997 340 mella.

162 357 284 391 Pauca
301 360 425 391 tamen
444 358 618 391 suberunt
637 359 762 402 priscae
780 359 932 403 vestigia
949 358 1100 401 fraudis,

147 409 252 450 ‘Quae
270 413 412 444 tentare
432 411 563 444 Thetin
582 412 732 454 ratibus,
755 423 837 455 quae
856 412 996 455 cingere
1015 411 1130 444 muris

161 462 315 506 Oppida,
339 475 419 507 quae
434 463 588 507 jubeant
607 464 730 497 telluri
746 464 923 498 infindere
942 465 1068 498 sulcos.

162 515 268 549 Alter
286 516 355 549 erit
374 518 455 549 tum
475 517 622 560 Tiphys,
645 519 682 550 et
701 517 816 550 altera
835 528 916 560 quae
936 517 1046 550 vehat
1064 517 1162 560 Argo

160 567 329 602 Delectos
347 569 473 602 heroas
493 582 500 610 3
529 572 635 602 erunt
655 570 764 602 etiam
783 570 896 603 altera
914 570 1008 603 bella
1026 583 1035 611 3

159 621 284 665 Atque
302 622 436 655 iterum
455 622 501 655 ad
520 622 664 665 Trojam
682 633 834 665 magnus
852 623 1023 655 mittetur
1040 621 1209 656 Achilles.

160 673 272 716 Hinc,
294 674 358 707 ubi
372 674 450 717 jam
469 674 612 707 firmata
630 674 750 707 virum
770 677 806 707 te
826 675 951 707 fecerit
970 677 1070 717 aetas,

160 726 274 759 Cedet
294 729 331 759 et
350 725 426 770 ipse
444 727 536 760 mari
554 729 678 760 vector
694 739 702 767 ;
730 738 797 760 nec
815 727 962 760 nautica
980 727 1090 770 pinus

160 777 324 812 Mutabit
343 791 478 812 merces
497 792 503 813 :
532 779 648 812 omnis
667 779 760 813 feret
779 779 900 813 01111113
918 780 1036 813 tellus.

157 831 245 865 Non
263 835 396 866 rastros
414 832 575 876 patietur
593 832 737 875 humus,
759 843 835 865 non
853 833 959 866 vinea
977 832 1106 866 falcem
1122 843 1134 875 3

157 884 346 918 Robustus
365 896 509 929 quoque
524 884 602 929 jam
620 885 734 918 tauris
749 885 840 929 juga
859 885 974 918 solvet
992 888 1121 919 arator.

157 937 195 970 N
197 949 237 971 ec
255 938 372 971 varios
391 938 504 971 discet
522 937 669 971 mentiri
687 938 770 971 lana
789 938 924 971 colores
942 951 948 973 :

158 989 240 1033 Ipse
260 991 323 1024 sed
342 991 380 1024 in
399 990 512 1034 pratis
531 991 621 1024 aries
636 991 714 1034 jam
734 1002 844 1024 suave
862 991 1010 1024 rubenti

158 1042 310 1086 Murice,
326 1043 404 1087 jam
423 1055 545 1077 croceo
564 1043 722 1077 mutabit
741 1044 875 1077 vellera
892 1044 972 1077 luto
992 1056 1001 1085 ;

159 1095 296 1139 Sponte
316 1098 382 1129 sua
401 1096 543 1140 sandyx
561 1099 748 1140 pascentes
767 1096 899 1130 vestiet
918 1107 1038 1140 agnos.

210 1148 310 1182 Talia
329 1149 445 1192 saecla,
468 1149 541 1182 suis
560 1149 742 1192 dixerunt,
766 1149 911 1192 011111ῒο,
934 1149 1025 1182 fusis

156 1200 358 1235 Concordes
377 1202 498 1235 stabili
514 1202 675 1235 fatorum
693 1202 842 1235 nurnine
861 1202 995 1236 Parcae.

156 1254 360 1297 Aggredere
380 1266 400 1288 O
419 1266 567 1298 magnos
588 1255 718 1299 (aderit
733 1254 811 1298 jam
828 1255 987 1299 tempus)
1007 1254 1175 1298 honores,

159 1306 249 1340 Cara
268 1307 377 1340 deum
396 1307 546 1350 soboles,
568 1318 742 1351 magnum
761 1307 787 1340 J
789 1307 866 1340 ovis
884 1307 1150 1340 incrementum
1167 1308 1175 1342 !

155 1359 311 1403 Adspice
330 1371 491 1393 convexo
509 1362 702 1393 nutantem
720 1360 879 1403 pondere
898 1360 1077 1393 mundun]
1097 1372 1106 1401 ;

155 1411 365 1456 Terrasque,
387 1416 597 1456 tractusque
616 1413 736 1455 maris,
759 1413 965 1456 coelumque
984 1411 1209 1456 profundum
1229 1423 1238 1451 ς

154 1464 323 1508 Adspice,
345 1468 500 1499 venturo
518 1465 692 1498 laetentur
710 1468 753 1498 ut
772 1465 894 1498 01111113
913 1466 1027 1500 saeclo.

156 1516 186 1550 Ο
205 1517 296 1550 1111111
314 1521 390 1551 tam
408 1518 525 1561 longae
544 1521 691 1551 maneat
710 1530 791 1561 pars
810 1518 941 1552 ultima
959 1518 1058 1562 vitae,

155 1569 310 1613 Spiritus
329 1573 377 1614 et,
400 1574 580 1614 quantum
600 1574 655 1604 sat
675 1571 744 1604 erit
762 1574 828 1604 tua
847 1571 965 1605 dicere
984 1571 1082 1604 facta
1101 1573 1108 1605 !

153 1622 240 1656 Non
259 1634 316 1656 me
336 1624 554 1657 carminibus
573 1624 694 1657 vincet
713 1635 779 1657 nec
798 1624 971 1657 Thracius
991 1623 1168 1668 Orpheus,

153 1675 190 1708 N
194 1687 233 1709 ec
253 1676 365 1710 Linus
385 1690 393 1717 ;
421 1676 506 1710 huic
524 1680 640 1709 mater
659 1676 836 1720 quamvis⁹
857 1679 968 1720 atque
986 1676 1071 1710 huic
1090 1679 1194 1721 pater
1211 1676 1324 1711 adsit:

154 1728 288 1772 Orphei
308 1729 500 1773 Calliopea,
522 1729 614 1763 Lino
632 1730 810 1763 formosus
828 1730 970 1773 Apollo.

154 1781 234 1814 Pan
253 1782 376 1825 etiam,
398 1782 554 1815 Arcadia
572 1793 714 1816 1110011111
734 1782 764 1815 si
779 1781 903 1826 judice
923 1784 1050 1826 certet,

154 1834 234 1867 Pan
254 1835 364 1867 etiam
383 1835 541 1868 Arcadi&
561 1835 658 1868 dicat
677 1846 714 1868 se
729 1835 854 1879 judice
874 1835 1022 1868 victum.

205 1886 341 1930 Incipe,
364 1899 473 1931 parve
492 1899 593 1931 puer,
615 1887 690 1921 risu
711 1899 921 1931 cognoscere
940 1890 1094 1921 matrem
1111 1900 1120 1923 :

152 1938 267 1972 Matri
286 1939 394 1983 longa
412 1940 535 1973 decen]
554 1941 722 1974 tulerunt
740 1940 889 1974 fastidia
907 1952 1057 1975 menseS.

152 1991 290 2035 Incipe,
312 2004 421 2035 parve
440 2004 530 2036 puer
551 2006 556 2027 :
587 1993 645 2026 cui
663 2005 737 2027 non
756 1993 864 2026 risere
884 1997 1064 2037 parentes,

151 2044 232 2078 Nec
250 2045 340 2078 deus
358 2045 456 2079 hunc
474 2048 612 2090 mensa,
636 2046 703 2080 dea
721 2058 788 2080 nec
807 2046 956 2091 dignata
975 2045 1085 2080 cubili
1103 2048 1168 2081 esi.

1175 2407 1240 2436 133

1391 1091 1420 1113 45

1389 1621 1415 1642 *3⁵
