1559 2584
108 73 161 112 (30

579 83 766 112 VIRGILII
800 83 956 112 AENEIS.

211 171 296 217 Ipse
311 170 409 217 jugis
429 171 567 215 Cynthi
585 171 763 215 graditur,
785 171 960 216 mollique
979 172 1155 207 fluentem

211 225 356 260 Fronde
374 225 507 269 premit
525 224 662 258 crinem
681 225 821 268 fingens
840 227 951 269 atque
969 225 1133 270 implicat
1152 237 1241 261 auro
1259 239 1268 268 ;

211 279 297 312 Tela
315 281 447 312 sonant
465 277 635 311 humeris.
695 277 810 311 Haud
828 277 892 312 illo
911 278 1055 322 segnior
1071 279 1149 313 ibat

211 332 350 365 AEneas
369 344 376 372 ;
404 333 553 364 tantum
572 330 712 374 egregio
732 331 842 364 decus
860 331 976 365 enitet
994 342 1064 366 ore.
1381 331 1421 352 ¹⁵⁰

263 385 466 428 Postquam
480 383 573 417 altos
587 387 741 417 ventum
759 383 798 417 in
817 387 972 428 montes,
990 387 1101 429 atque
1119 384 1220 419 invia
1236 385 1365 430 lustra,

209 438 302 472 Ecce
320 438 418 480 ferae,
441 437 521 470 saxi
537 436 690 481 dejectae
709 437 856 480 vertice,
879 449 994 481 caprae

209 491 409 524 Decurrere
423 489 523 534 jugis
540 503 548 532 ;
576 490 649 524 alia
667 490 713 523 de
731 492 834 534 parte
852 492 1022 535 patentes

213 543 487 578 Transmittunt
505 554 613 577 cursu
632 554 789 586 campos,
810 546 921 587 atque
940 543 1086 588 agmina
1104 543 1201 578 cervi

209 597 474 631 Pulverulenta
491 596 579 640 fuga
595 596 798 640 glomerant
816 599 1031 641 montesque
1049 597 1273 642 relinquunt.
1381 595 1419 616 ¹⁵⁵

210 651 262 684 At
281 662 371 695 puer
388 649 567 684 Ascanius
586 649 715 683 mediis
732 649 771 683 in
790 649 946 683 vallibus
965 650 1039 683 acri

215 703 362 738 Gaudet
382 714 475 747 equo
494 716 502 744 ;
525 702 676 747 jamque
695 702 761 736 hos
780 714 900 746 cursu,
919 703 997 747 jam
1016 703 1179 747 praeterit
1197 703 1278 738 illos
1297 717 1307 745 ;

213 757 526 801 Spumantemque
545 756 625 789 (lari
643 767 772 800 pecora
789 756 887 789 inter
903 756 1036 790 inertia
1054 757 1149 790 votis

211 810 325 854 Optat
343 821 472 854 aprum
491 812 556 843 aut
574 809 720 843 fulvum
738 809 954 843 descendere
972 812 1099 843 monte
1117 810 1270 844 leonem.

210 863 358 897 Interea
375 874 506 906 magno
524 862 666 896 misceri
683 874 870 896 murmure
888 863 1022 896 coelum
1381 859 1421 881 ¹⁶⁰

212 916 348 961 Incipit
368 929 376 957 ;
403 916 610 960 insequitur
628 915 828 949 commixta
845 916 1022 960 grandine
1041 915 1187 950 nimbus
1205 928 1212 951 :

211 970 261 1003 Et
280 969 381 1013 Tyrii
399 969 549 1003 comites
566 969 712 1013 passim,
735 971 771 1002 et
791 969 946 1012 Trojana
959 969 1151 1013 juventus,

211 1022 492 1066 Dardaniusque
511 1033 624 1065 nepos
643 1021 808 1063 Venefis,
831 1022 975 1056 diversa
993 1033 1057 1066 per
1074 1034 1180 1066 agros

211 1076 322 1110 Tecta
339 1078 442 1109 metu
459 1075 596 1119 petiere
617 1087 623 1108 :
651 1077 767 1108 ruunt
786 1075 831 1107 de
851 1075 1039 1108 montibus
1056 1086 1190 1110 amnes,

213 1129 430 1173 Speluncam
447 1127 545 1162 Dido
564 1128 641 1161 dux
660 1130 697 1160 et
716 1127 893 1171 Trojanus
911 1128 1064 1161 eandem
1381 1125 1420 1146 ¹⁰⁵

210 1181 424 1216 Deveniunt
442 1193 449 1215 ε
477 1181 595 1225 prima
613 1183 651 1214 et
669 1180 792 1214 Tellus
812 1183 849 1214 et
866 1181 1032 1225 pronuba
1050 1180 1153 1214 Juno

211 1236 313 1269 Dant
331 1235 476 1279 signum
493 1246 500 1268 :
529 1234 662 1267 fulsere
680 1233 781 1278 ignes
799 1236 837 1267 et
857 1234 1020 1267 conscius
1039 1234 1154 1267 aether

212 1288 413 1322 Connubiis
429 1301 437 1329 ;
464 1298 679 1331 summoque
696 1287 889 1320 ulularunt
907 1287 1042 1320 vertice
1060 1287 1097 1320 N
1100 1287 1254 1331 ἡ1011Ρῖ1118.

212 1342 282 1375 1118
302 1341 379 1375 dies
393 1341 532 1385 primus
552 1340 616 1374 leti
635 1340 848 1384 primusque
867 1340 1047 1374 malorum

213 1395 331 1428 Causa
348 1394 421 1428 fuit
441 1406 448 1428 :
477 1405 596 1437 neque
616 1393 712 1427 enim
731 1393 847 1437 specie
865 1393 1011 1427 famave
1029 1395 1210 1437 movetur,

212 1448 251 1481 N
254 1459 294 1481 ec
308 1447 386 1491 jam
404 1447 586 1480 furtivum
605 1447 702 1480 Dido
721 1446 922 1480 meditatur
939 1458 1098 1480 amorem
1118 1460 1126 1487 ;

213 1500 434 1544 Conjugium
454 1503 559 1533 vocat
574 1513 584 1540 3
612 1499 681 1533 hoc
699 1500 871 1543 praetexit
888 1500 1037 1533 nomine
1057 1500 1210 1543 culpam.

265 1553 462 1597 Extemplo
481 1552 607 1597 Libyae
626 1564 775 1595 magnas
794 1552 823 1586 it
842 1552 956 1586 Fama
974 1564 1038 1596 per
1056 1552 1164 1586 urbes
1181 1565 1188 1586 :

212 1607 338 1649 Fama,
360 1606 498 1640 malum
517 1617 590 1650 quo
608 1617 684 1638 non
702 1605 801 1638 aliud
820 1605 981 1639 velocius
999 1605 1117 1639 ullum
1134 1617 1143 1646 ;

212 1660 422 1693 mobilitate
440 1659 553 1702 viget,
574 1658 744 1702 viresque
764 1658 920 1702 acquirit
939 1658 1070 1692 eundo.
1323 1674 1326 1677 *
1382 1656 1422 1680 ¹⁷⁵

212 1713 332 1746 Parva
349 1715 451 1746 metu
469 1712 586 1755 primo
603 1724 611 1752 3
639 1723 727 1744 mox
746 1723 821 1745 sese
840 1711 980 1745 attollit
998 1711 1036 1745 in
1055 1722 1173 1753 auras,

211 1765 495 1810 Ingrediturque
514 1765 603 1807 solo,
625 1768 662 1797 et
681 1767 791 1808 caput
808 1764 906 1798 inter
923 1764 1049 1798 nubila
1067 1764 1203 1798 condit.

213 1818 322 1853 lilani
341 1818 451 1852 Terra
468 1829 610 1862 parens,
633 1817 698 1859 ira,
719 1817 863 1851 irritata
881 1817 1054 1862 Deorum,

212 1872 426 1908 Extremam
445 1871 503 1915 (ut
516 1871 725 1915 perhibent)
746 1870 832 1904 Coeo
852 1870 1108 1915 Enceladoque
1128 1880 1287 1904 sororem

212 1925 414 1968 Progenuit
433 1937 442 1965 3
470 1924 625 1968 pedibus
645 1924 795 1957 celerem
815 1926 852 1957 et
872 1923 1078 1967 pernicibus
1097 1923 1163 1957 alis
1181 1936 1189 1964 ;

211 1978 423 2012 Monstrum
433 1977 669 2020 horrendum,
678 1977 806 2021 ingens
820 1988 826 2011 :
842 1977 901 2010 cui
913 1979 1003 2021 quot
1015 1979 1102 2010 sunt
1115 1987 1260 2020 corpore
1272 1975 1419 2020 plumae,

212 2032 282 2065 Tot
300 2031 428 2075 vigiles
446 2031 543 2064 oculi
561 2030 686 2064 subter
705 2030 884 2075 (mirabile
903 2030 1033 2075 dictu),

213 2085 283 2118 Tot
300 2084 447 2128 linguae,
468 2083 626 2117 totidem
645 2094 708 2117 ora
728 2086 872 2125 sonant,
894 2086 952 2116 tot
972 2082 1126 2126 subrigit
1144 2093 1257 2116 auree.

212 2138 332 2171 Nocte
350 2137 452 2170 volat
471 2137 554 2170 coeli
571 2136 691 2170 medio
710 2139 889 2180 terraequo
908 2147 972 2180 per
989 2135 1168 2179 umbram,

214 2190 392 2232 Stridens,
414 2201 482 2224 nec
500 2190 599 2223 dulci
618 2189 778 2223 declinat
797 2189 936 2223 lumina
955 2199 1081 2222 somno
1099 2199 1107 2223 :

212 2242 310 2276 Luce
331 2243 433 2276 sedet
453 2245 574 2276 custos
593 2245 658 2276 aut
677 2242 810 2275 summi
830 2242 987 2276 culmine
1006 2240 1107 2284 tecti,

213 2295 390 2329 Turribus
410 2298 474 2328 aut
493 2296 590 2339 altis,
613 2298 650 2329 et
669 2307 818 2340 magnas
837 2294 983 2328 territat
1002 2295 1108 2328 urbes
1126 2305 1137 2335 ;

212 2347 303 2385 Tam
321 2347 398 2385 ficti
415 2348 591 2393 pravique
609 2351 736 2392 tenax,
758 2359 867 2393 quam
885 2347 1020 2383 nuntia
1038 2359 1056 2381 1
1063 2346 1122 2381 eri.

1381 1920 1422 1942 nm

1383 2185 1423 2207 185
