1492 2589
584 133 756 161 ECLOGA
779 134 827 161 11.
1345 128 1368 165 8

61 227 138 262 Aut
158 225 300 260 Ararim
319 227 479 261 Parthus
497 227 608 271 bibet,
630 230 695 262 aut
714 227 908 262 Germania
927 227 1065 272 Tigrim
1085 241 1094 266 :

63 280 181 321 Quam
199 283 324 313 nostro
342 280 440 313 illius
458 280 602 314 labatur
620 284 765 324 pectore
783 281 917 315 vultus.

115 333 213 366 MEL.
247 333 299 366 At
317 344 383 366 nos
402 333 488 366 hinc
507 334 567 367 alii
587 333 749 371 sitientes
767 333 900 367 ibimus
919 333 1028 367 Afros
1044 347 1054 376 ;
1341 334 1370 354 ⁶⁶

63 386 153 419 Pars
173 385 360 428 Scythiam
379 388 415 419 et
432 386 601 430 rapidum
621 387 737 420 Cretae
757 386 943 420 veniemus
958 386 1109 430 Oaxem,

62 438 111 472 Et
129 438 275 481 penitus
294 441 374 472 toto
393 438 526 472 divisos
546 439 630 473 orbe
650 439 856 473 Britannos.

62 490 133 534 En,
154 502 318 534 unquam
336 491 471 535 patrios
488 491 596 535 longo
617 495 698 535 post
717 494 877 535 tempore
897 491 1000 535 fines,

64 543 238 587 Pauperis
258 546 295 577 et
314 546 438 588 tuguri
458 547 667 588 congestum
688 545 819 588 cespite
839 545 993 587 culmen,

63 596 152 629 Post
171 596 322 640 aliquot,
347 608 427 630 mea
444 609 555 641 regna
574 597 714 640 videns,
736 597 890 631 mirabor
911 597 1038 631 aristas
1055 596 1068 631 2

63 649 203 692 Impius
223 649 301 682 11300
319 652 394 682 tam
414 650 513 683 culta
531 650 675 683 novalia
699 650 801 682 miles
829 650 977 682 habebit
987 650 999 683 ’ἒ

62 701 243 735 Barbarus
262 702 326 734 has
346 704 482 744 segetes
499 701 512 735 ’.ἶ
564 702 631 743 En,
656 713 728 745 quo
747 702 923 735 discordia
942 702 1037 735 cives

62 754 243 787 Produxit
262 754 409 787 miseros
429 756 435 788 !
466 766 524 797 en,
546 755 648 798 queis
668 755 892 788 consevimus
912 766 1015 797 agros
1037 756 1045 789 !

61 806 184 840 Insere
204 818 313 848 1111110,
336 807 520 849 Meliboee,
542 807 650 851 piros,
672 819 764 851 pone
783 807 907 841 ordine
928 808 1030 841 vites.

62 859 120 892 Ite
139 871 241 902 meae,
263 859 352 892 felix
372 860 555 903 quondam
574 872 694 904 pecus,
717 860 766 893 ite
786 860 931 904 capellae
949 862 955 893 !

61 911 99 945 N
102 923 148 945 011
167 924 231 955 ego
251 923 315 945 vos
333 913 494 956 posthac,
517 913 625 946 viridi
642 913 824 957 projectus
842 913 880 946 in
899 915 1017 956 antro,

60 964 223 998 Dumosa
241 965 396 1008 pendere
415 965 541 1009 procul
559 965 604 999 de
618 977 707 1010 rupe
726 966 857 999 videbo
876 979 882 1000 :

61 1017 230 1051 Carmina
250 1018 352 1051 nulla
371 1030 496 1052 canam
514 1031 522 1059 ;
550 1030 636 1061 11011,
658 1030 716 1051 1110
735 1021 915 1062 pascente,
939 1018 1098 1063 capellae,

61 1070 92 1104 F
95 1071 272 1104 lorentem
292 1071 448 1114 cytisum
468 1074 504 1104 et
523 1072 647 1105 salices
666 1072 818 1115 carpetis
837 1083 984 1105 amaras,

113 1123 188 1157 ΤΙΤ.
223 1123 296 1157 Η10
314 1126 436 1157 tamen
455 1124 549 1157 hanc
567 1136 708 1158 mecum
727 1127 870 1168 poteras
894 1125 1118 1167 requiescere
1136 1126 1280 1160 noctem

60 1176 206 1210 Fronde
227 1188 334 1220 super
352 1176 461 1210 viridi
481 1190 488 1218 3
518 1180 603 1210 sunt
622 1177 726 1210 nobis
744 1177 848 1210 mitia
866 1189 985 1221 poma,

60 1228 245 1262 Castaneae
266 1230 403 1272 11101105,
426 1232 462 1262 et
481 1230 594 1273 pressi
613 1230 714 1273 copia
732 1230 835 1263 lactis
855 1242 862 1264 ε

58 1281 107 1315 Et
122 1282 198 1325 jam
219 1293 360 1315 summa
378 1283 503 1325 procul
521 1283 690 1316 villarum
710 1283 869 1316 culmina
887 1283 1032 1319 fumant
1046 1294 1058 1329 3

61 1334 294 1379 Majoresque
315 1335 451 1369 cadunt
470 1335 554 1371 altis
573 1336 618 1369 de
638 1336 824 1369 montibus
843 1335 991 1370 umbrae.

1341 594 1371 618 70

1340 855 1368 878 7ῖ·

444 1589 642 1624 ECLOGA
669 1588 975 1624 IL—ALEXIS.

112 1677 328 1710 FORMOSUM
346 1678 470 1720 pastor
489 1675 660 1719 Corydon
678 1675 828 1709 ardebat
847 1675 995 1719 Alexin,

58 1729 218 1764 Delicias
237 1729 376 1763 domini
394 1742 401 1771 ;
429 1741 496 1763 1100
516 1729 604 1773 quid
625 1731 785 1772 speraret
804 1728 971 1763 habebat.

58 1783 219 1816 Tantum
237 1783 334 1815 inter
353 1782 494 1825 densas,
517 1782 686 1815 umbrosa
705 1781 903 1824 cacumina,
926 1782 1027 1826 fagos

57 1836 214 1869 Assidue
230 1835 399 1869 veniebat
419 1847 426 1869 ε
458 1835 510 1868 ibi
527 1835 605 1868 haeo
624 1834 811 1867 incondita
830 1834 928 1867 solus

58 1887 253 1921 Montibus
273 1890 309 1921 et
329 1888 439 1931 sylvis
458 1888 579 1921 studio
594 1887 759 1931 jactabat
778 1887 879 1920 inani
898 1900 961 1921 :—

111 1941 141 1975 O
163 1941 316 1974 crudelis
335 1941 455 1984 Alexi,
476 1941 568 1974 nihil
587 1951 667 1973 mea
686 1940 845 1974 carmina
865 1951 968 1973 curas
985 1939 998 1974 ’ἒ

56 1993 124 2027 Nil
142 1994 258 2027 nostri
275 1993 443 2031 miserere
460 1993 472 2027 2
498 1993 591 2027 mori
608 2004 666 2026 me
685 1993 842 2036 denique
869 2004 980 2036 coges.

57 2046 169 2080 Nunc
188 2047 298 2080 etiam
317 2046 472 2090 pecudes
490 2047 636 2080 umbras
656 2048 692 2080 et
711 2046 845 2089 frigora
864 2048 1013 2089 captant
1033 2059 1044 2088 3

56 2099 95 2132 N
98 2111 170 2132 11110
188 2099 323 2132 virides
342 2099 454 2132 etiam
473 2099 658 2132 occultant
678 2099 819 2142 spineta
837 2099 989 2132 lacertos
1008 2111 1019 2141 ;

56 2152 240 2196 Thestylis
259 2154 296 2185 et
315 2152 441 2196 rapido
460 2152 563 2185 fessis
587 2151 803 2184 messoribus
823 2154 917 2185 aestu

57 2205 156 2239 Allia
175 2205 446 2249 serpyllumque
464 2205 593 2238 herbas
613 2204 808 2238 contundit
827 2204 965 2237 olentes
982 2215 990 2240 ε

57 2258 109 2292 At
129 2269 271 2291 mecum
290 2258 419 2301 raucis,
442 2260 508 2291 tua
527 2258 616 2291 dum
634 2257 787 2300 vestigia
805 2257 934 2300 lustro,

58 2310 141 2344 Sole
160 2311 228 2344 sub
247 2311 391 2346 ardenti
409 2313 580 2344 resonant
599 2310 747 2344 arbusta
766 2309 905 2344 cicadis.

59 2362 194 2397 Nonne
213 2363 286 2397 fuit
305 2364 419 2398 satius
437 2364 560 2398 tristes
579 2362 816 2407 Amaryllidis
834 2363 904 2396 iras

1345 2146 1371 2166 10
