1559 2584
635 110 822 139 VIRGILII
851 107 1005 138 AENEIS.

263 200 445 245 Sanguine
464 199 597 242 adhuc,
619 198 812 242 campique
829 197 997 241 ingentes
1016 195 1157 230 ossibus
1175 194 1309 230 albent.

264 254 346 295 Quo
364 254 500 287 referor
517 251 627 285 toties
642 251 654 285 2
682 262 765 295 quae
783 253 945 283 mentem
962 249 1105 283 insania
1122 252 1244 283 mutat
1259 249 1272 283 2

266 307 316 350 Si,
339 307 462 340 Turno
480 305 674 347 exstincto,
697 303 822 346 socios,
845 314 927 336 sum
945 303 1058 336 accire
1077 305 1238 346 paratus,

263 359 338 393 Cur
356 370 430 392 non
448 357 623 391 incolumi
641 357 763 401 potius
781 355 978 389 certamina
995 355 1085 388 tollo
1100 355 1112 388 2

265 412 363 453 Quid
383 410 641 454 consanguinei
660 409 805 451 Rutuli,
829 408 918 452 quid
938 411 1056 441 cetera
1074 408 1172 441 dicet

264 465 386 507 Italia,
409 464 454 498 ad
474 466 630 497 mortem
648 462 679 495 si
697 464 734 495 te
755 462 858 506 (Fors
878 461 976 495 dicta
994 461 1130 494 refutet
1147 460 1170 505 !)

265 517 508 560 Prodiderim,
531 519 656 549 natam
676 518 712 549 et
732 514 914 548 connubia
932 517 1057 547 nostra
1074 512 1288 557 petentem?

265 570 419 614 Respice
438 581 495 603 res
513 569 609 603 bello
628 568 745 602 varias
763 580 771 608 ;
799 568 967 600 miserere
986 567 1147 610 parentls

264 622 451 667 Longaevi,
473 633 583 666 quem
602 633 700 655 nunc
718 623 892 654 moestum
911 620 1029 663 patria
1048 619 1169 652 Ardea
1187 618 1294 662 longe

264 676 448 710 Divi<1it.⁷’
506 675 807 718 Haudquaquam
827 673 934 707 dictis
953 672 1128 706 violentia
1147 671 1261 705 Turni

264 729 445 763 Flectitur
457 742 465 770 ;
494 729 689 772 exsuperat
708 727 833 770 magis,
858 726 1093 770 aegrescitque
1112 724 1301 758 medendo.

264 782 318 816 Ut
337 782 495 826 primum
514 781 584 814 fari
602 780 737 824 potuit,
760 780 809 812 sic
828 779 965 812 institit
985 790 1064 812 ore:

1451 403 1480 424 ⁴10

1453 668 1481 688 45

269 837 295 854 “
312 835 430 876 Quam
450 846 515 878 pro
534 845 591 867 me
611 845 734 867 curam
752 832 859 876 geris,
881 832 975 865 hanc
993 842 1130 875 precor,
1152 831 1301 875 optime,
1322 841 1388 874 pro
1406 841 1465 863 1110

265 888 449 932 Deponas,
470 888 660 931 letumque
679 886 774 919 sinas
794 897 859 929 pro
877 885 985 918 laude
1003 884 1153 928 pacisci:

266 941 316 975 Et
335 952 401 974 nos
419 940 503 987 tela,
527 942 642 984 pater,
664 940 873 982 ferrumque
892 937 992 971 haud
1010 937 1129 970 debile
1148 937 1282 970 dextra

268 994 489 1038 Spargimus,
512 995 549 1026 et
567 994 692 1025 nostro
712 991 878 1034 sequitur
896 991 941 1024 de
962 990 1111 1024 vulnere
1130 990 1295 1034 sanguis:

267 1047 391 1090 Longe
410 1046 465 1079 illi
484 1045 562 1078 Dea
580 1047 697 1078 mater
716 1044 798 1086 erit,
821 1055 903 1087 quae
923 1044 1019 1076 nube
1038 1043 1204 1086 fugacem

269 1099 458 1133 Foeminea
475 1101 589 1142 tegat,
611 1100 648 1130 et
668 1097 771 1130 vanis
790 1107 866 1129 sese
886 1096 1028 1130 occulat
1046 1095 1195 1129 umbris.
1203 1095 1223 1112 ’²

322 1153 375 1185 At
394 1151 530 1195 regina,
552 1152 650 1184 nova
669 1161 801 1193 pugnae
822 1149 1019 1182 conterrita
1038 1151 1147 1192 sorte,

269 1204 413 1248 Flebat,
436 1207 473 1237 et
492 1203 682 1237 ardentem
700 1213 875 1246 generum
894 1202 1071 1235 moritura
1089 1202 1260 1236 tenebat:
1306 1226 1310 1230 -

274 1259 301 1276 “
316 1257 449 1300 Turne,
472 1269 536 1301 per
553 1256 618 1290 has
637 1267 703 1299 ego
721 1258 759 1289 te
778 1255 968 1298 lacrymas,
990 1266 1054 1298 per
1073 1255 1102 1288 si
1122 1255 1203 1299 quis
1223 1255 1368 1288 Amatne

271 1310 403 1354 Tangit
422 1309 538 1343 honos
556 1309 720 1342 animum
740 1308 835 1353 (spes
854 1310 897 1341 tu
914 1319 1014 1341 1111110
1032 1319 1106 1341 una
1123 1310 1292 1351 senectae,

272 1363 329 1397 Tu
346 1363 502 1407 requies,
514 1359 686 1403 fflserae3
714 1361 824 1395 decus
842 1360 1108 1404 imperiumque
1127 1361 1250 1394 Latini
1300 1393 1303 1396 .

272 1416 323 1450 Te
341 1427 452 1460 penes
469 1428 477 1457 ;
504 1416 543 1449 in
563 1418 601 1448 te
621 1414 737 1448 omnis
756 1414 887 1448 domus
905 1413 1080 1447 inclinata
1098 1413 1306 1459 recumbit),

271 1468 400 1502 Unum
418 1479 501 1502 oro:
530 1468 663 1502 desiste
682 1479 833 1500 manum
852 1467 1079 1500 committere
1098 1467 1251 1501 Teucris.

274 1521 346 1562 Qui
364 1524 402 1555 te
421 1532 565 1564 cunque
583 1523 735 1553 manent
754 1519 824 1553 isto
844 1520 1041 1553 certamine
1061 1531 1176 1562 casus,

270 1574 320 1608 Et
339 1585 408 1618 me,
429 1573 561 1616 Turne,
583 1575 734 1606 manent
753 1586 759 1606 :
789 1572 897 1605 simul
916 1572 994 1606 haec
1012 1572 1131 1606 invisa
1149 1572 1352 1616 relinquam

272 1627 441 1670 Lumina,
464 1638 530 1659 nec
549 1637 723 1670 generum
743 1625 887 1659 AEnean
909 1626 1054 1669 captiva
1072 1625 1243 1659 videbo.’'

271 1679 425 1723 Accepit
443 1691 569 1713 vocem
588 1678 757 1722 lacrymis
776 1678 928 1712 Lavinia
945 1678 1084 1721 matris,

272 1732 486 1776 Flagrantes
504 1732 650 1775 perfusa
667 1743 796 1775 genas:
827 1731 884 1764 cui
903 1731 1081 1775 plurimus
1099 1731 1220 1775 ignem

273 1784 437 1829 Subjecit
455 1785 578 1828 rubor,
602 1787 639 1818 et
658 1784 831 1817 calefacta
848 1796 913 1828 per
931 1795 993 1818 ora
1013 1785 1180 1818 cucurrit.

274 1838 411 1871 Indum
432 1838 629 1881 sanguineo
648 1838 764 1871 veluti
783 1837 975 1871 violaverit
994 1840 1092 1871 ostro

274 1891 313 1925 Si
332 1891 414 1935 quis
433 1891 543 1932 ebur3
574 1891 631 1924 vel
649 1890 766 1924 mixta
783 1890 918 1923 rubent
936 1889 1001 1924 ubi
1020 1890 1097 1924 lilia
1115 1890 1233 1924 multa

274 1944 371 1977 Alba
390 1946 490 1978 rosa:
519 1943 610 1977 tales
631 1943 731 1987 virgo
751 1943 863 1977 dabat
882 1954 943 1977 ore
962 1943 1105 1977 colores.

273 1996 386 2030 Illum
405 1996 531 2030 turbat
550 2008 662 2040 amor,
685 1996 837 2040 figitque
857 1997 895 2029 in
914 1997 1054 2041 virgine
1076 1996 1220 2037 vultus3

275 2049 394 2083 Ardet
412 2049 450 2083 in
470 2061 570 2083 arma
589 2049 703 2093 magis
720 2062 728 2091 ;
756 2050 953 2094 paucisque
971 2051 1105 2083 affatur
1123 2049 1315 2082 Amatam:

280 2104 305 2120 “
322 2102 359 2135 N
363 2114 394 2145 0,
418 2114 553 2146 quaeso,
576 2114 622 2136 ne
641 2114 699 2136 me
718 2103 899 2146 lacrymis,
921 2114 1013 2136 neve
1033 2102 1152 2136 omine
1172 2104 1277 2135 tanto

276 2155 515 2199 Prosequem,
537 2156 576 2189 in
596 2155 680 2191 duri
698 2156 898 2189 certamina
916 2156 1049 2190 MartIs
1068 2157 1229 2197 euntem,

278 2207 310 2241 O
329 2211 447 2242 mater
464 2221 471 2249 ;
499 2220 619 2252 neque
638 2208 735 2242 enim
756 2209 888 2243 Turno·
897 2221 999 2243 mora
1016 2209 1130 2242 libera
1148 2207 1284 2241 mortis.

278 2260 444 2294 Nuntius
463 2261 553 2304 11000,
577 2261 722 2305 Idmon,
745 2262 905 2306 Phrygio
924 2274 1006 2296 mea
1024 2261 1120 2295 dicta
1139 2263 1297 2304 tyranno

278 2312 391 2347 Haud
410 2314 588 2357 placitura
607 2315 718 2349 refer:
750 2314 871 2355 Quum
890 2315 1049 2360 primum
1068 2314 1226 2348 crastina
1245 2312 1336 2347 melo

276 2366 445 2400 Puniceis
464 2367 609 2400 invecta
628 2368 716 2401 rotis
735 2369 877 2402 Aurora
895 2368 1055 2411 rubebit,

1455 934 1482 953 50

1461 1464 1488 1484 (30

1462 1727 1490 1748 5⁵

1463 1991 1493 2015 70

1463 2256 1491 2280 76
