1559 2584
345 506 407 567 Ρ,
465 507 773 562 VIRGILH
833 505 1152 580 MARONIS

626 635 664 682 C
690 636 731 683 O
755 635 793 682 P
818 636 874 683 A.

249 870 353 905 OOPA
372 869 526 914 Syrisca,
548 871 658 913 caput
678 868 788 902 Graia
806 868 976 902 redimita
993 868 1145 912 mitella,

304 923 473 967 Crispum
491 922 559 956 sub
579 922 714 956 crotalo
734 922 842 956 docta
860 933 1006 955 movere
1024 922 1134 965 latus,

252 977 364 1011 Ebria
382 977 520 1010 famosa
539 976 649 1009 saltat
667 975 801 1008 lasciva
819 975 984 1017 taberna,

306 1030 367 1063 Ad
386 1029 552 1063 cubitum
570 1040 696 1062 raucos
715 1028 903 1061 excutiens
922 1028 1086 1061 calamos.

252 1082 351 1124 Quid
369 1083 474 1116 iuvat
493 1082 630 1115 aestivo
649 1081 833 1115 defessum
851 1081 1000 1125 pulvere
1019 1081 1143 1114 abesse
1158 1080 1170 1114 2
1402 1080 1414 1100 ¹

306 1135 425 1177 Quam
444 1135 540 1179 potis
559 1146 596 1168 es
614 1134 740 1168 bibulo
759 1133 972 1168 decubuisse
990 1137 1071 1168 toro
1088 1136 1095 1168 Ξ

253 1189 349 1223 Sunt
369 1200 481 1232 cupae
500 1191 538 1222 et
557 1188 695 1231 calices,
719 1188 854 1232 cyathi,
875 1198 968 1230 rosa,
989 1187 1092 1230 tibia,
1115 1187 1282 1232 chordae,

306 1242 356 1276 Et
375 1242 521 1275 trichila
539 1241 745 1274 umbriferis
759 1241 891 1284 frigida
909 1241 1149 1274 arundinibus
1169 1254 1177 1282 3

253 1295 312 1329 En
331 1298 380 1339 et,
404 1295 588 1329 Maenalio
609 1306 702 1338 quae
721 1294 833 1338 garrit
853 1294 958 1327 dulce
978 1294 1046 1327 sub
1065 1297 1184 1338 antro,

306 1348 460 1382 Rustica
477 1348 633 1392 pastoris
651 1348 774 1381 fistula
792 1348 831 1381 in
851 1359 912 1380 ore
931 1350 1047 1381 sonat.
1394 1345 1418 1365 ¹⁰

254 1402 321 1435 Est
340 1404 377 1435 et
395 1413 525 1446 vappa,
548 1401 636 1435 cado
650 1413 768 1445 nuper
786 1401 914 1434 defusa
932 1400 1064 1444 picato,

307 1455 356 1489 Et
375 1455 571 1499 strepitans
589 1466 697 1488 rauco
716 1466 901 1488 murmure
919 1454 1019 1487 rivus
1038 1465 1163 1498 aquae.

255 1507 350 1542 Sunt
369 1508 480 1541 etiam
499 1519 622 1542 croceo
640 1508 756 1541 violae
775 1508 820 1541 de
839 1508 926 1541 flore
946 1507 1111 1550 corollae,

310 1561 485 1606 Sertaque
504 1573 685 1605 purpurea
703 1562 803 1595 lutea
822 1560 939 1594 mixta
956 1572 1049 1604 rosa,

255 1614 304 1648 Et
324 1626 417 1659 quae
436 1614 598 1658 virgineo
617 1615 730 1648 libata
748 1614 917 1649 Achelois
936 1614 981 1647 ab
1000 1625 1106 1647 amne
1394 1611 1428 1631 ’δ’

309 1668 403 1702 Lilia
422 1667 589 1701 vimineis
608 1668 736 1702 attulit
754 1668 793 1701 in
812 1667 976 1701 calathis.

258 1720 355 1754 Sunt
374 1723 411 1754 et
431 1721 575 1764 caseoli,
599 1733 690 1765 quos
710 1721 840 1754 iuncea
859 1720 986 1754 fiscina
1005 1720 1114 1754 siccat
1132 1732 1141 1762 ;

314 1774 409 1808 Sunt
429 1775 635 1808 autumnali
654 1785 756 1807 cerea
775 1785 893 1817 pruna
911 1773 983 1815 die,

258 1826 531 1871 Castaneaeque
551 1839 663 1861 nuces
683 1830 720 1861 et
739 1839 851 1861 suave
870 1826 1041 1860 rubentia
1059 1826 1156 1860 mala
1176 1839 1184 1868 ;

312 1880 378 1914 Est
398 1880 456 1914 liic
475 1881 615 1914 munda
634 1880 753 1923 Ocres,
775 1883 830 1914 est
850 1880 976 1923 Amor,
1000 1882 1054 1913 est
1075 1879 1253 1914 Bromius.
1394 1877 1420 1897 ²⁰

259 1933 354 1967 Sunt
374 1937 411 1968 et
429 1945 531 1967 mora
551 1936 713 1977 cruenta,
736 1936 773 1967 ct
791 1933 900 1967 lentis
919 1945 993 1966 uva
1011 1934 1174 1976 racemis,

310 1987 359 2020 Et
378 1987 515 2031 pendet
532 1987 640 2021 iunco
661 1987 847 2021 caeruleus
866 1986 1036 2020 cucumis.

259 2040 327 2074 Est
345 2042 471 2084 tuguri
491 2043 621 2083 custos,
647 2042 809 2074 armatus
828 2040 919 2073 falce
939 2040 1086 2083 saligna.

315 2093 386 2127 Sed
405 2105 478 2127 non
500 2096 537 2127 et
558 2097 660 2127 vasto
681 2096 735 2127 est
754 2094 904 2137 inguine
923 2093 1105 2127 terribilis

260 2146 347 2180 Huc
367 2146 534 2190 Calybita
552 2147 637 2180 veni
657 2159 664 2182 ε
693 2147 809 2180 lasm
829 2147 902 2180 iam
921 2146 1030 2179 sudat
1050 2145 1182 2179 asellus
1202 2158 1210 2180 :
1392 2142 1420 2163 '²⁵

312 2199 425 2233 Parce
445 2200 500 2233 illi
519 2212 525 2233 :
556 2203 719 2233 vestrum
738 2200 911 2233 delicium
930 2202 985 2233 est
1005 2199 1138 2232 asinus.

258 2251 370 2286 Nunc
390 2257 502 2286 cantu
522 2253 646 2287 crcbro
665 2255 844 2297 rumpunt
863 2252 1013 2286 arbusta
1033 2251 1174 2285 cicadae
1195 2264 1204 2292 ;

313 2305 424 2339 Nunc
445 2306 569 2339 viridis
588 2307 708 2350 gelida
727 2318 809 2350 sepe
829 2306 963 2340 lacerta
980 2305 1081 2338 latet.

263 2357 301 2392 Si
321 2359 429 2402 sapis,
453 2359 590 2393 aestivo
610 2360 788 2393 recubans
805 2362 843 2392 te
862 2358 989 2403 proluc
1009 2358 1120 2401 vitro,

315 2411 386 2446 Seu
404 2412 460 2446 vis
479 2413 648 2456 crystallo
667 2412 761 2446 ferre
783 2423 898 2446 novus
917 2411 1053 2446 calices.
1394 2407 1421 2429 ³¹·
