1528 2569
686 138 819 164 LIBER
852 137 915 164 111.
1400 128 1451 162 59

244 227 368 272 Atque
386 226 482 260 notis
500 227 646 270 longam
664 226 868 259 maculosus
888 223 1085 269 grandibus
1103 223 1228 257 alvum
1246 236 1252 258 :

247 282 331 324 Qui,
353 281 441 313 dum
459 291 582 313 amnes
600 279 669 313 ulli
686 282 908 323 rumpuntur
925 277 1101 320 fontibus,
1124 280 1161 310 et
1180 277 1268 310 dum

245 333 342 367 Vere
360 333 510 366 madent
527 332 601 366 udo
618 335 726 366 terrae
744 343 784 365 ac
802 331 1021 375 pluvialibus
1039 329 1197 373 Austris,

246 386 383 430 Stagna
400 385 487 419 colit
506 399 514 427 ;
541 385 700 429 ripisque
719 385 889 418 habitans
908 384 968 417 hic
981 383 1141 427 piscibus
1159 386 1278 416 atram

246 439 438 483 Improbus
456 439 656 482 ingluviem
673 438 843 481 ranisque
861 436 1073 481 loquacibus
1092 436 1224 480 explet.

247 492 448 536 Postquam
466 492 642 525 exhausta
659 491 774 535 palm,
795 493 974 534 terraeque
993 489 1119 523 ardore
1139 489 1343 532 dehiscunt,

247 546 380 579 Exsih't
398 545 437 578 in
456 545 602 587 siccum,
624 547 660 577 et
679 543 903 578 flammantia
920 542 1060 576 lumina
1078 544 1253 585 torquens

251 598 363 632 Saevit
377 598 482 641 agris,
505 609 680 641 asperque
699 597 771 639 siti,
793 599 903 639 atque
923 595 1118 629 exterritus
1137 598 1240 628 aestu.

247 651 307 684 Ne
321 651 503 684 mihitum
520 650 633 683 moles
652 650 719 683 sub
738 649 798 682 dio
817 660 960 692 carpere
978 659 1136 690 somnos,

247 705 333 737 Neu
351 704 456 737 dorso
474 703 632 736 nemoris
649 703 761 735 hbeat
776 701 932 745 jacuisse
951 712 1015 744 per
1033 700 1175 743 herbas,

248 757 371 798 Quum
388 756 515 800 positis
532 767 649 789 novus
668 754 820 797 exuviis,
843 753 1054 797 nitidusque
1069 753 1238 797 juventa,

249 809 432 852 Volvitur,
454 812 519 842 aut
539 809 678 842 catulos
697 807 803 841 tectis
822 810 887 841 aut
906 818 975 840 ova
992 806 1214 850 relinquens,

247 863 397 896 Arduus
415 862 462 896 ad
482 862 593 895 solem
612 864 649 895 et
667 861 801 905 linguis
820 860 930 893 micat
949 871 1010 893 ore
1028 859 1194 893 trisulcis.

299 915 515 949 Morborum
533 926 678 958 quoque
695 917 732 947 te
752 925 876 947 causas
895 915 931 946 et
949 913 1051 956 signa
1068 912 1213 947 docebo.

249 969 379 1012 Turpis
398 980 482 1002 oves
500 971 622 1001 tentat
641 967 789 1010 scabies,
811 967 876 1000 ubi
893 966 1048 1009 frigidus
1066 965 1183 999 imber

247 1022 370 1056 Altius
389 1021 435 1055 ad
453 1021 580 1054 vivum
597 1019 770 1064 persedit,
792 1022 829 1053 et
847 1019 994 1052 horrida.
1013 1029 1102 1052 cano

251 1075 391 1108 Bruma
409 1074 493 1118 gelu
512 1087 521 1115 ;
549 1074 609 1107 vel
629 1085 744 1118 quum
757 1073 872 1106 tonsis
890 1072 1015 1105 illotus
1034 1071 1188 1105 adhaesit

247 1128 377 1171 Sudor,
399 1131 436 1161 et
453 1127 587 1160 hirsuti
604 1129 796 1160 secuerunt
815 1137 963 1169 corpora
980 1136 1116 1169 vepres.

247 1181 424 1215 Dulcibus
442 1180 575 1214 idcirco
594 1180 715 1213 fluviis
733 1191 842 1223 pecus
861 1190 966 1212 omne
985 1177 1152 1221 magistri

248 1234 484 1268 Perfundunt
504 1247 512 1275 ;
539 1233 696 1276 udisque
714 1233 806 1266 aries
824 1232 863 1265 in
882 1231 1025 1275 gurgite
1043 1231 1141 1264 villis

251 1287 444 1329 Mersatur,
468 1286 671 1330 missusque
691 1285 849 1319 secundo
868 1284 997 1318 defluit
1016 1284 1115 1317 amni
1133 1296 1139 1318 :

249 1341 326 1374 Aut
344 1343 491 1373 tonsum
508 1339 607 1372 tristi
625 1339 842 1382 contingunt
856 1348 984 1381 corpus
1002 1339 1161 1379 amurca,

247 1393 298 1426 Et
315 1404 460 1437 spumas
478 1392 631 1425 miscent
650 1391 802 1435 argenti,
824 1391 981 1433 vivaque
1001 1390 1188 1433 sulphura,

249 1446 439 1490 Idaeasque
456 1446 565 1489 pices,
587 1447 624 1478 et
642 1445 794 1488 pingues
814 1444 976 1487 unguine
996 1454 1106 1486 ceras,

249 1499 479 1542 SciHamque,
501 1498 775 1541 helleborosque
793 1508 931 1541 graveS,
953 1496 1170 1539 nigrumque
1189 1496 1364 1531 bitumen.

249 1552 337 1586 Non
355 1555 479 1586 tamen
498 1552 574 1585 ulla
591 1552 706 1595 magis
724 1561 883 1594 praesens
901 1550 1051 1583 fortuna
1069 1549 1235 1582 laborum
1251 1553 1319 1592 est,

254 1605 372 1646 Quam
391 1605 422 1639 si
440 1605 521 1649 quis
539 1605 633 1638 ferro
652 1604 774 1648 potuit
793 1602 995 1637 rescindere
1015 1613 1199 1636 summum

249 1658 389 1692 Ulceris
408 1669 448 1692 os
468 1671 474 1692 :
503 1658 614 1691 alitur
634 1658 777 1700 vitium,
798 1656 964 1700 vivitque
982 1655 1139 1699 tegendo
1159 1669 1167 1697 ;

248 1711 348 1745 Dum
366 1711 524 1745 medicas
541 1710 714 1744 adhibere
732 1721 862 1743 manus
881 1709 928 1743 ad
946 1708 1099 1742 vanera
1116 1711 1240 1752 pastor
1419 1706 1460 1727 ⁴³⁵

247 1765 428 1808 Abnegat,
450 1767 488 1798 et
506 1764 655 1798 meliora
673 1764 769 1797 Deos
787 1763 890 1796 sedet
908 1762 1030 1795 omina.
1048 1773 1208 1805 poscens.

249 1817 347 1859 Quin
365 1818 476 1851 etiam
494 1817 568 1851 ima
587 1817 691 1850 dolor
708 1816 899 1850 balantum
917 1815 1039 1858 lapsus
1058 1814 1104 1848 ad
1124 1826 1203 1848 ossa

249 1870 372 1912 Quum
390 1871 491 1913 furit,
514 1873 624 1915 atque
642 1872 744 1903 artus
762 1869 968 1913 depascitur
987 1867 1089 1901 arida
1106 1867 1232 1910 febris,

247 1924 394 1958 Profuit
412 1924 576 1957 incensos
595 1926 705 1957 aestus
724 1925 898 1964 avertere,
922 1923 959 1954 et
978 1921 1073 1954 inter

250 1977 332 2011 Ima
350 1977 455 2010 ferire
473 1977 576 2020 pedis
596 1976 786 2010 salientem
805 1975 980 2019 sanguine
998 1985 1151 2009 venam:

249 2030 399 2064 Bisaltae
418 2041 490 2074 quo
509 2041 608 2063 more
627 2030 756 2071 solent,
779 2039 931 2072 acerque
948 2027 1121 2069 Gelonus,

249 2083 372 2124 Quum
390 2083 485 2126 fugit
503 2083 542 2115 in
557 2082 773 2125 Rhodopen,
796 2084 906 2125 atque
925 2081 964 2113 in
983 2079 1125 2113 deserta
1144 2078 1333 2123 Getarum,

248 2136 297 2170 Et
315 2137 370 2170 lac
389 2139 598 2170 concretum
617 2147 699 2168 cum
718 2134 892 2178 sanguine
911 2135 1015 2177 potat
1034 2132 1176 2176 equino.

302 2189 420 2230 Quam
437 2189 564 2233 procul
582 2191 647 2222 aut
665 2187 768 2221 molli
786 2187 975 2220 succedere
994 2185 1126 2229 saepius
1144 2185 1284 2219 umbrae

249 2242 407 2285 Videris,
429 2245 494 2277 aut
514 2253 672 2275 summas
691 2243 898 2284 carpentem
916 2238 1083 2283 ignavius
1101 2238 1231 2272 herbas

252 2295 538 2339 Extremamque
557 2295 671 2339 sequi,
694 2297 760 2328 aut
778 2293 899 2326 medio
917 2291 1153 2336 procumbere
1173 2302 1300 2336 campo

249 2348 476 2391 Pascentem,
498 2350 535 2381 et
554 2359 642 2381 serae
661 2348 774 2381 solam
793 2346 965 2379 decedere
984 2344 1103 2385 nocti3

249 2401 432 2434 Continuo
450 2401 545 2434 ferro
564 2401 708 2444 culpam
728 2411 922 2443 compesce,
944 2398 1156 2443 priusquam

1416 381 1456 400 -MU

1419 645 1458 664 ⁴35

1418 910 1459 930 ⁴⁴0

1419 1441 1461 1461 450

1420 1971 1459 1992 48⁰

1422 2237 1458 2256 ¹55
