1559 2584
91 123 144 160 82

547 131 736 158 VIRGILII
768 130 928 157 CULEX.

195 218 346 252 Terreor
363 218 411 253 ah
429 218 544 252 tantis
562 218 739 260 insistere,
761 220 910 260 terreor,
932 216 1071 250 umbris
1088 218 1095 251 ¹

196 272 256 306 Ad
276 271 419 316 Stygias
438 274 629 305 revocatus
649 282 773 314 aquas,
795 271 858 304 vix
879 270 1032 303 ultimus
1052 269 1152 304 amni

195 325 339 368 Restat,
361 327 546 358 nectareas
566 324 694 357 divum
714 324 778 367 qui
796 323 958 367 prodidit
977 335 1087 367 escas,

196 378 367 411 Gutturis
386 378 505 411 arenti
523 377 712 411 revolutus
731 377 770 410 in
789 377 912 410 omnia
930 388 1046 410 sensu.

196 430 306 474 Quid,
329 442 458 464 saxum
477 431 603 474 procul
621 430 774 464 adverso
794 430 858 474 qui
876 432 1001 462 monte
1020 429 1190 473 revolvit,

199 484 441 518 Contemsisse
461 484 565 517 dolor
585 495 695 527 quem
714 483 867 517 numina
885 482 1001 516 vincit
1019 483 1183 526 acerbus,

198 537 284 571 Otia
302 540 538 581 quaerentem
556 537 694 570 frustra
711 536 723 570 2
778 536 855 569 Vos
874 536 937 578 ite,
959 535 1115 579 puellae,

197 590 268 634 Ite,
291 590 424 634 quibus
442 590 567 623 taedas
585 589 751 623 accendit
768 589 884 622 tristis
903 589 1076 632 Erinnys,

197 643 300 677 Sicut
319 643 469 687 Hymen
487 643 650 687 praefata
667 643 771 676 dedit
790 642 972 676 connubia
989 641 1117 676 mortis
1134 643 1143 676 1

199 697 322 740 Atque
340 696 428 730 alias
447 697 518 730 alio
537 697 668 730 densat
687 708 795 740 super
813 696 956 740 agmine
976 698 1128 738 turmas,

197 749 392 793 Impietate
411 750 489 783 fera.
506 750 696 783 vecordem
716 749 890 783 Colchida
908 751 1076 792 matrem,

199 803 321 836 Anxia
339 803 503 836 sollicitis
521 803 761 836 meditantem
780 803 934 836 vulnera
952 802 1048 836 natis
1066 815 1075 843 ;

199 855 279 890 Iam
299 856 520 890 Pandionias
538 856 759 890 miserandas
778 856 877 900 prole
896 855 1048 899 puellas,

200 909 364 950 Quarum
382 921 455 943 vox
475 909 564 953 Ityn
584 909 660 943 edit
681 910 782 953 Ityn,
805 920 878 953 quo
898 908 1085 941 Bistonius
1104 919 1185 952 rex,

200 962 320 996 Orbus
339 974 450 1006 epops
469 965 606 996 maeret
626 963 789 996 volucres
809 964 957 996 evectus
976 962 1015 995 iu
1034 973 1150 995 auras.

200 1016 252 1049 At
271 1015 520 1049 discordantes
540 1015 698 1049 Cadmeo
717 1015 852 1048 semine
871 1015 1001 1048 fratres

200 1069 280 1103 Iam
299 1069 510 1102 truculenta
528 1069 653 1102 ferunt
672 1069 878 1112 infestaque
898 1068 1038 1101 lumina
1057 1079 1185 1111 corpus

199 1122 305 1156 Alter
322 1122 361 1155 'm
376 1122 525 1155 alterius
545 1135 552 1164 ;
582 1123 727 1165 iamque
747 1124 935 1156 aversatur
954 1124 1120 1165 uterque,

199 1174 319 1218 Impia
337 1176 500 1219 germani
517 1179 642 1209 manat
661 1175 758 1219 quod
780 1175 954 1218 sanguine
974 1175 1111 1208 dextra.

201 1228 287 1262 Heu
306 1228 390 1272 heu,
412 1229 612 1262 mutandus
631 1240 832 1272 numquam
852 1229 953 1262 labor
973 1230 979 1262 !
1036 1228 1193 1261 Auferor
1213 1227 1310 1261 ultra

202 1281 248 1315 In
268 1281 412 1315 diversa
429 1282 543 1326 magis
564 1295 571 1323 ;
600 1282 776 1315 distantia
794 1281 922 1315 limina
941 1293 1048 1315 cerno
1066 1295 1073 1323 ;

201 1334 383 1368 Eridanus
402 1335 605 1369 tranandus
625 1348 633 1377 ;
662 1347 749 1379 agor
768 1335 912 1368 delatus
931 1335 978 1368 ad
998 1335 1144 1368 undam.

203 1388 320 1421 Obvia
339 1388 568 1432 Persephone
588 1389 738 1422 comites
756 1388 922 1422 heroidas
942 1391 1048 1431 urget

202 1441 385 1475 Adversas
403 1443 561 1486 perferre
579 1442 684 1476 faces.
744 1442 901 1475 Alcestis
920 1442 965 1475 ab
985 1440 1085 1475 omni

203 1494 388 1528 Inviolata
406 1498 511 1528 vacat
531 1507 627 1538 cura,
651 1495 749 1539 quod
769 1507 876 1528 saeva
894 1494 1017 1528 mariti

203 1547 289 1591 Ipsa
308 1549 382 1581 suis
400 1548 486 1581 fatis
507 1548 657 1582 Admeti
675 1548 752 1582 fata
770 1551 912 1582 morata
930 1551 994 1582 est.

201 1600 307 1644 Ecce,
330 1601 450 1635 Ithaci
469 1602 602 1635 coniux
623 1614 764 1645 semper
782 1602 892 1635 decus
912 1601 1091 1644 IcariotiS,

203 1654 419 1688 Femineum
438 1655 649 1699 incorrupta
668 1655 777 1688 decus
796 1657 932 1698 manet,
955 1657 992 1688 et
1012 1655 1137 1698 procul
1157 1655 1219 1689 illa

205 1707 327 1740 Turba
345 1708 447 1741 ferox
466 1708 641 1741 iuvenum
659 1709 742 1742 telis
762 1709 902 1742 confixa
921 1720 1120 1752 procorum.

205 1759 304 1801 Quid
322 1760 452 1795 misera
471 1761 652 1806 Eurydice
671 1764 777 1795 tanto
796 1774 956 1795 maerore
974 1761 1134 1804 recessit,

205 1813 403 1857 Poenaque
422 1818 604 1858 respectus
625 1817 661 1848 et
680 1827 778 1848 nunc
798 1818 934 1858 manet,
958 1815 1137 1859 Orpheus,
1159 1813 1197 1848 in
1217 1814 1285 1848 te?

205 1867 341 1900 Audax
359 1867 420 1900 ille
440 1868 600 1911 quidem,
624 1869 688 1912 qui
708 1868 834 1902 mitem
855 1869 1036 1902 Cerberon
1055 1880 1218 1912 unquam

206 1919 384 1963 Credidit,
407 1924 471 1954 aut
489 1921 557 1954 ulli
576 1922 673 1955 Ditis
692 1922 866 1965 placabile
886 1933 1035 1964 numen,

206 1972 245 2006 N
248 1985 287 2006 ec
306 1974 432 2007 timuit
451 1974 720 2018 Phlegethonta
737 1975 921 2008 fruentem
940 1975 1153 2009 ardentibus
1171 1975 1293 2018 undis,

206 2026 245 2060 N
248 2038 287 2060 ec
305 2030 443 2061 maesta
462 2028 613 2062 obtenta
632 2028 729 2061 Ditis
748 2028 931 2072 ferrugine
951 2040 1073 2072 regna,

209 2079 455 2124 Defessasque
475 2081 601 2115 domos
621 2093 661 2115 ac
680 2081 830 2115 Tartara
849 2084 955 2115 nocte
974 2085 1126 2115 cruenta

207 2131 347 2176 Obsita,
369 2146 435 2167 nec
454 2134 577 2168 faciles
596 2135 693 2168 Ditis
712 2135 789 2167 sine
808 2135 926 2168 iudice
946 2135 1060 2178 sedes,

206 2184 345 2229 Iudice,
368 2187 432 2230 qui
450 2187 546 2221 vitae
566 2191 649 2232 post
667 2191 822 2234 mortem
841 2188 1003 2222 vindicat
1022 2190 1110 2222 acta.

207 2238 279 2272 Sed
298 2239 447 2274 fortuna
465 2241 589 2274 valens·
608 2241 785 2275 audacem
804 2237 938 2275 fecerat
957 2244 1051 2275 ante.

207 2291 288 2325 Iam
307 2293 426 2336 rapidi
444 2296 622 2328 steterant
642 2306 779 2337 amneS,
803 2298 839 2328 et
858 2294 967 2328 turha
986 2296 1144 2328 ferarum

208 2343 352 2379 Blanda
373 2358 459 2379 voce
480 2359 615 2390 sequax
638 2348 821 2391 regionem
842 2348 1023 2381 insulcrat
1044 2348 1178 2391 Orphei
1199 2361 1207 2390 ;

209 2397 362 2442 Iamque
382 2399 492 2433 imam
514 2399 637 2433 viridis
657 2401 814 2434 radicem
833 2404 997 2434 moverat
1017 2401 1090 2434 alte

1371 372 1415 394 2⁴!ss

1376 639 1417 660 245

1375 905 1418 926 250

1376 1171 1401 1191 25
1405 1171 1418 1190 ἦ

1380 1439 1420 1459 ¹:60

1380 1706 1421 1726 ‘265
