1528 2569
653 67 787 95 LIBER
816 67 863 95 Π.

208 153 389 188 Clamores
407 152 516 187 simul
534 152 732 188 horrendos
750 154 797 188 ad
816 153 934 188 sidera
950 153 1049 189 toHit
1064 164 1075 192 z

208 206 341 247 Quales
358 206 533 250 mugitus,
554 207 650 251 fugit
669 218 784 251 quum
801 207 1061 242 sauciusaram

208 259 348 293 Taurus
367 261 404 292 et
421 259 599 293 incertam
617 260 774 293 excussit
793 259 927 294 cervice
946 260 1108 295 securim.

208 312 260 345 At
278 311 414 355 gemini
430 311 535 355 lapsu
553 312 704 346 delubra
722 312 768 346 ad
787 324 927 346 summa
945 312 1118 347 dracones

207 363 397 408 Effugiunt
416 375 594 408 saevaeque
613 368 746 408 petunt
765 365 962 398 Tritonidis
981 376 1112 409 arcem,

206 416 282 450 Sub
299 417 524 461 pedibusque
542 417 631 450 Deae
650 418 838 462 clypeique
858 417 926 451 sub
944 418 1030 452 orbe
1047 420 1233 462 teguntur.

206 469 299 502 Tum
317 481 403 503 vero
421 470 633 504 tremefacta
652 482 768 504 novus
786 482 849 514 per
867 473 1012 514 pectora
1031 472 1171 505 cunctis

205 521 374 555 Insinuat
392 534 504 566 pavor
514 536 523 564 ;
551 526 588 556 et
607 523 721 556 scelus
741 523 952 567 expendi-se
970 527 1171 557 merentem

207 574 413 609 Laocoonta
431 575 566 618 ferunt,
588 587 728 609 sacrum
748 576 811 619 qui
830 576 975 620 cuspide
994 577 1104 610 robur

205 626 357 661 Laeserit
376 630 413 661 et
431 630 532 671 tergo
552 628 761 661 sceleratam
779 628 965 661 intorserit
983 629 1135 662 hastam.

204 679 422 713 Ducendum
441 680 488 713 ad
506 680 608 713 sedes
627 680 859 714 simulacrum
874 681 1080 725 orandaque
1099 681 1205 715 Divae

204 731 371 766 Numina
389 733 627 767 conclamant.

257 784 465 818 Dividimus
483 797 617 828 muros,
639 788 676 819 et
694 786 829 819 moenia
846 786 1039 830 pandimus
1056 786 1165 821 urbis.

203 837 410 881 Accingunt
429 849 553 871 omnes
572 839 671 881 operi
687 851 696 880 ;
723 838 948 883 pedibusque
966 842 1130 873 rotarum

205 890 413 934 Subjiciunt
432 890 566 934 lapsus,
589 893 625 924 et
644 894 772 934 stupea
790 891 936 925 vincula
955 892 1046 926 collo

204 942 418 977 Intendunt.
479 943 628 977 Scandiz
645 944 765 977 fatalis
785 945 950 978 machina
968 956 1102 988 muros,

205 996 312 1029 Foeta
330 998 447 1030 armis.
508 996 619 1030 Pueri
637 997 771 1030 circum
789 997 1027 1041 innuptaeque
1046 997 1178 1041 puellae

205 1048 312 1082 Sacra
331 1052 479 1092 canunt,
495 1049 694 1093 funemque
714 1061 824 1083 manu
844 1050 1051 1094 contingere
1070 1051 1242 1095 gau-lent.

203 1101 274 1135 Illa
293 1102 390 1135 subit
408 1102 610 1145 mediaeque
624 1102 767 1135 minans
785 1102 950 1136 illabitur
966 1103 1056 1137 urbi.

204 1153 235 1187 O
254 1155 383 1198 patria,
405 1165 426 1188 o
445 1155 583 1188 Divum
601 1155 743 1197 domim,
765 1155 890 1198 Ilium,
912 1158 949 1189 et
968 1155 1107 1199 inclyta
1125 1156 1221 1190 bello

204 1205 345 1241 Moenia
363 1207 615 1241 Dardanidum
631 1209 638 1241 1
669 1210 798 1251 quater
815 1208 893 1251 ipso
910 1208 950 1241 in
968 1208 1092 1242 limine
1111 1211 1226 1252 poitae

204 1259 388 1302 Substitit,
411 1263 521 1303 atque
539 1264 644 1294 utero
664 1260 824 1293 sonitum
844 1263 974 1304 quater
993 1272 1093 1295 arma
1113 1261 1244 1295 dedere
1260 1272 1269 1296 z

204 1311 389 1346 Instamus
407 1315 530 1346 tamen
548 1313 774 1346 immemores
793 1313 948 1357 caecique
967 1314 1100 1357 furore,

202 1364 252 1398 Et
270 1368 474 1398 monstrum
492 1365 621 1398 infelix
641 1367 780 1399 sacrata
799 1366 961 1399 sistimus
979 1377 1068 1400 arce.

202 1416 304 1450 Tunc
322 1418 432 1451 etiam
451 1418 536 1451 fatis
556 1418 670 1461 aperit]
690 1418 890 1452 Cassandra
908 1419 1042 1452 futuris

202 1468 287 1513 Ora,
308 1470 378 1504 Dei
391 1470 498 1514 jussu
516 1481 591 1504 non
610 1482 774 1514 unquam
793 1471 930 1504 credita
948 1471 1102 1506 Teucris.

200 1521 281 1556 Nos
299 1522 451 1557 delubra
468 1523 589 1556 Deum
607 1523 740 1566 miseri,
762 1523 894 1567 quibus
912 1524 1064 1558 ultimus
1083 1527 1177 1559 esset

200 1574 268 1609 Ille
288 1575 377 1618 dies,
398 1576 494 1609 festa
512 1576 674 1610 velamus
691 1576 820 1610 fronde
839 1588 903 1620 per
920 1577 1054 1611 urbem.

253 1627 423 1662 Vertitur
440 1629 580 1662 interea
598 1629 741 1672 coelum,
763 1632 800 1662 et
819 1629 893 1663 ruit
913 1629 1054 1663 Oceano
1074 1641 1159 1674 nox,

200 1680 397 1714 Involvens
415 1682 545 1715 umbra
564 1684 696 1726 magna
713 1685 918 1726 terramque
937 1683 1146 1726 polumque,

200 1733 549 1778 Myrmidonumque
569 1735 671 1768 dolos
692 1747 698 1769 :
726 1735 798 1768 fusi
817 1747 880 1779 per
898 1736 1033 1769 moenia
1051 1735 1180 1770 Teucri

201 1786 414 1820 Conticuere
432 1800 438 1821 :
468 1798 574 1830 sopor
591 1788 702 1820 fessos
721 1788 972 1831 complectitur
990 1791 1099 1822 arbm.

200 1838 249 1872 Et
264 1839 342 1882 jam
361 1839 496 1883 Argiva
514 1839 673 1883 phalanx
692 1840 880 1873 instructis
898 1840 1052 1873 navibus
1070 1841 1148 1874 ibat

200 1891 231 1924 A
254 1892 411 1935 Tenedo,
429 1892 550 1926 tacitae
569 1904 634 1936 per
652 1893 767 1926 amica
785 1893 931 1926 silentia
949 1893 1058 1935 lunae,

201 1944 344 1978 Littora
362 1947 450 1978 nota
468 1947 597 1989 petens
615 1957 622 1979 :
652 1945 814 1979 flammas
834 1957 948 1989 quum
966 1946 1063 1989 regia
1083 1945 1214 1990 puppis

200 1997 395 2031 Extulerat
415 2010 421 2038 ;
451 1998 608 2042 fatisque
626 1997 747 2031 Deum
766 1998 934 2031 defensus
953 1998 1086 2042 iniquis

199 2050 364 2084 Inclusos
383 2054 488 2084 utero
508 2050 654 2084 Danaos
673 2053 709 2084 et
729 2051 835 2094 pinea
853 2051 982 2084 fiu'tim

199 2102 318 2136 Laxat
338 2103 495 2137 claustra
515 2103 627 2137 Sinon
647 2115 654 2137 ε
683 2103 764 2136 illos
782 2104 985 2147 paiefactus
1005 2103 1051 2137 ad
1070 2115 1174 2138 auras

199 2155 338 2189 Reddit
357 2167 484 2200 equus,
506 2156 654 2200 laetique
673 2167 760 2189 caco
779 2167 816 2189 se
834 2156 960 2190 robore
979 2160 1151 2200 promunt

199 2208 448 2242 Thessandrus
467 2208 734 2252 Sthenelusque
754 2209 875 2251 duces
897 2212 934 2242 et
953 2209 1053 2242 dirus
1074 2209 1234 2253 Ulysses,

198 2260 405 2295 Demissum
424 2262 514 2305 lapsi
532 2273 597 2305 per
615 2262 739 2294 funem
760 2275 768 2303 ;
797 2261 1058 2305 Athamasque,
1080 2262 1282 2307 Thoasque,

200 2311 416 2358 Pelidesque
435 2313 710 2358 Neoptolemus,
733 2315 941 2358 primusque
961 2314 1152 2359 Machaon,

1213 2372 1232 2395 c

1369 302 1409 322 225

1367 1103 1408 1123 ΝΠ

1365 1363 1407 1385 245

1366 1626 1406 1648 250

1364 1890 1406 1912 255

1365 2153 1407 2175 260
