1528 2569
634 105 769 133 11111111
799 106 890 134 vm.
1335 101 1381 138 14
1391 101 1414 140 5

212 189 262 223 Te
279 189 401 234 potuit
417 190 587 235 lacrymis
606 192 777 227 Tithonia
795 193 938 228 flectere
958 194 1102 239 conjux.

211 243 354 286 Aspice,
376 242 441 286 qui
459 247 586 277 coeant
604 246 742 290 populi,
764 258 847 290 quze
866 247 1000 281 mrenia
1019 247 1150 282 clausis

210 295 364 329 Ferrum
382 298 515 329 acuant
533 298 660 340 portis,
682 299 721 331 in
739 310 797 332 me
816 300 1070 344 excidiumque
1089 313 1263 336 meorum.
1271 301 1293 319 ''

209 347 364 382 Dixerat
380 360 387 383 ε
416 350 453 382 et
470 349 586 383 niveis
606 351 690 384 hinc
708 354 819 395 atque
839 352 923 386 hinc
942 353 1037 387 Diva
1055 353 1198 388 lacertis

211 400 454 435 Cunctantem
473 403 645 446 amplexu
663 405 764 437 molli
782 405 903 447 fovet;
931 406 992 439 ille
1011 410 1160 450 repente

209 453 361 497 Accepit
380 454 522 488 solitam
541 456 736 500 flammam,
757 460 938 501 notus-:que
957 459 1136 493 msdullas

215 506 375 540 Intravit
394 507 503 551 calor,
526 511 562 541 et
581 509 758 544 labefacta
776 522 840 554 per
858 522 937 545 ossa
956 512 1114 545 cucurrit
1134 525 1141 547 :
1369 510 1411 531 ³³⁰

210 558 298 592 Non
315 571 417 593 secus
434 562 545 604 atque
563 561 662 605 olim,
684 563 826 597 tonitru
840 558 959 607 ¹quum
978 567 1086 607 rupta
1105 576 1252 599 corusco

210 612 324 656 Ignea
342 612 433 646 rima
450 613 588 647 micans
606 615 784 658 percurrit
802 616 940 649 lumine
959 617 1111 652 nimbos.

210 663 330 698 Sensit
349 665 434 699 laeta
452 666 545 700 dolis
565 669 602 700 et
620 668 745 701 formae
765 669 907 702 conscia
926 670 1060 713 conjux
1079 683 1088 711 ;

209 717 302 751 Tum
319 721 424 762 pater
441 721 578 753 aetemo
596 720 696 753 fatur
715 721 908 754 devinctus
928 733 1049 755 amore
1067 734 1074 756 ε

212 770 239 789 “
255 769 350 811 Quid
371 782 495 804 causas
512 772 608 815 petis
626 784 671 806 ex
689 773 790 807 alto?
817 773 950 807 fiducia
968 774 1074 808 cessit

207 821 288 864 Quo
306 823 386 866 tibi,
408 823 515 867 Diva,
537 825 634 858 mei?
661 825 788 859 similis
807 827 837 859 si
856 838 941 860 cura
959 827 1098 870 fuisset,

207 875 301 909 Tum
320 888 464 921 quoque
483 877 537 910 fas
555 878 660 911 nobis
679 878 833 912 Teucros
852 891 990 913 armare
1009 880 1137 913 fuisset
1154 893 1164 921 3

205 928 287 962 Nec
304 929 417 963 Pater
430 930 659 974 omnipotens
678 931 834 975 Troiam,
856 943 923 965 nec
941 933 1018 966 fata
1035 933 1210 966 vetabant

207 981 322 1026 Stare,
343 982 541 1026 decemque
560 983 649 1017 alios
668 983 855 1017 Priamum
875 996 1062 1029 superesse
1077 997 1141 1029 pev
1160 998 1283 1021 annos.

205 1034 256 1068 Et
272 1047 383 1078 nunc,
404 1035 435 1069 si
453 1036 586 1070 bellare
603 1048 719 1080 paras,
741 1040 851 1081 atque
870 1037 947 1071 haec
965 1038 1034 1071 tibi
1053 1050 1154 1072 mens
1174 1047 1242 1082 est,

206 1086 389 1132 Quicquid
404 1088 444 1122 in
457 1091 534 1122 arte
552 1087 634 1123 mea
650 1101 796 1133 possum
814 1091 1025 1134 promittere
1043 1102 1151 1135 curae,

206 1139 313 1181 Quod
332 1141 410 1175 fieri
427 1142 535 1185 ferro,
556 1142 742 1186 liquidove
761 1146 881 1187 potest
901 1143 1046 1186 electro,

207 1192 395 1234 Quantum
413 1194 514 1238 ignes
533 1195 738 1239 animaeque
755 1196 892 1239 valent,
915 1196 1047 1230 absiste
1065 1196 1246 1240 precando

206 1245 357 1280 Viribus
375 1247 584 1282 indubitare
603 1248 686 1282 tuis.
694 1248 714 1265 ’⁷
769 1248 823 1282 Ea
841 1249 951 1282 verba
968 1249 1112 1283 locutus

202 1298 361 1344 Optatos
380 1299 481 1334 dedit
500 1301 699 1344 amplexus,
721 1301 977 1345 placidumque
997 1302 1128 1345 petivit

206 1352 380 1397 ConJugis
397 1353 540 1387 infusus
558 1354 695 1397 gremio
708 1365 773 1397 per
790 1355 951 1387 membra
969 1366 1143 1399 soporem.

206 1404 299 1439 Inde
320 1406 398 1450 (ubi
415 1407 531 1450 prima
550 1407 652 1450 quies
671 1407 791 1440 medio
813 1407 892 1451 jam
910 1407 1027 1440 noctis
1046 1408 1184 1441 abactae

211 1458 399 1492 Curriculo
417 1459 606 1503 expulerat
626 1471 803 1502 somnum,
824 1471 938 1504 quum
957 1460 1108 1494 foemina
1126 1461 1297 1504 primum,

206 1510 275 1545 Oui
291 1511 444 1545 tolerare
464 1512 541 1546 colo
559 1512 673 1546 vitam
692 1512 868 1556 tenuique
888 1512 1058 1546 Minerva

205 1564 436 1608 Impositum,
459 1565 615 1599 cinerem
629 1567 666 1599 et
684 1566 820 1608 sopitos
838 1566 990 1598 suscitat
1008 1566 1121 1609 ignes,

205 1616 364 1651 Noctem
381 1617 520 1651 addens
539 1618 638 1662 operi
654 1631 663 1660 ;
692 1618 919 1662 famulasque
939 1618 985 1651 ad
1005 1619 1144 1652 lumina
1163 1618 1272 1662 longo

204 1670 360 1704 Exercet
377 1682 490 1714 penso
507 1683 515 1712 ;
544 1673 684 1705 castum
702 1673 746 1704 ut
765 1682 906 1704 servare
926 1671 1044 1704 cubile

206 1723 392 1767 Conjugis,
415 1726 453 1757 et
471 1724 585 1767 possit
599 1735 729 1768 parvos
748 1724 900 1758 educere
918 1725 1038 1768 natos)
1058 1737 1065 1765 ;

205 1775 319 1809 Haud
338 1787 440 1809 secus
458 1776 675 1820 ignipotenS‚
697 1788 764 1810 nec
781 1779 943 1820 tempore
962 1777 1104 1819 segnior
1121 1776 1197 1819 illo,

205 1826 387 1863 Mollibus
406 1840 424 1862 e
444 1829 568 1862 stratis
586 1840 694 1873 opera
711 1829 758 1862 ad
776 1829 920 1862 fabrilia
939 1829 1064 1872 surgit.

205 1880 332 1915 Insula
351 1882 534 1915 Sicanium
548 1881 658 1926 juxta
676 1882 774 1915 latus
793 1881 1027 1925 AEoliamque

204 1933 367 1978 En'gitur
385 1934 552 1978 Liparen,
574 1934 801 1968 fumantibus
819 1934 933 1968 ardua
951 1934 1048 1968 saxis
1065 1947 1073 1975 ;

205 1987 324 2028 Quam
343 1987 468 2021 subter
485 1998 612 2031 specus
631 1989 668 2021 et
687 1987 886 2031 Cyclopum
905 1998 1012 2021 exesa
1029 1986 1180 2021 caminis

204 2040 324 2074 Antra
343 2040 492 2074 AEtnaea
509 2042 654 2084 tonant,
672 2040 856 2084 validique
875 2040 1068 2074 incudibus
1086 2039 1181 2073 ictus

205 2090 341 2127 Auditi
357 2093 521 2127 referunt
539 2093 727 2137 gemitum,
749 2092 984 2137 striduntque
1004 2092 1167 2126 cavernis

207 2145 395 2180 Stricturae
413 2145 630 2189 Chalybum,
653 2148 691 2179 et
708 2146 916 2180 fornacibus
933 2145 1028 2189 ignis
1046 2145 1194 2178 anhelat
1210 2156 1218 2179 :

204 2198 364 2233 Vulcani
381 2198 521 2242 domus,
545 2201 583 2233 et
607 2199 787 2232 Vulcania
804 2199 950 2232 nomine
969 2198 1088 2232 tellus.

204 2251 291 2285 Huc
309 2254 399 2285 tunc
416 2252 622 2296 ignipotens
641 2251 731 2285 coelo
750 2249 939 2285 descendit
957 2251 1003 2285 ab
1021 2251 1104 2285 alto.

207 2304 360 2338 Ferrum
379 2305 594 2338 exercebant
612 2307 716 2338 vasto
736 2304 910 2348 Cyclopes
928 2304 968 2338 in
987 2307 1106 2347 antro,

204 2356 444 2403 Brontesque,
465 2357 717 2402 Steropesque,
740 2359 777 2391 et
795 2357 917 2391 nudus
935 2354 1099 2391 membra,
1117 2355 1329 2400 Pyracmon.

1267 2413 1290 2434 11

1367 773 1409 793 3⁹5

1366 1561 1407 1582 410

1365 1825 1407 1845 ⁴15

1363 2087 1405 2107 ΨΕΩ

1367 2352 1402 2371 12³
