1559 2584
121 126 172 162 64

551 137 737 163 VIRGILII
768 135 999 164 GEORGICA.

224 222 363 258 Intima
381 235 480 257 more
499 235 564 258 suo
583 236 659 257 sese
678 224 717 257 in
736 224 916 257 cunabula
935 223 1102 258 condent.

279 276 343 310 Sin
362 280 486 310 autem
506 277 552 310 ad
570 288 731 321 pugnam
750 277 916 320 exierint,
940 277 1038 322 (nam
1057 288 1151 321 saepe
1171 276 1314 311 duobus

224 329 387 373 Regibus
406 330 552 364 incessit
571 341 703 374 magno
722 330 901 363 discordia
919 333 1035 373 motu,

225 383 482 427 Continuoque
501 383 641 417 animos
659 383 772 426 vulgi,
795 385 832 416 et
851 383 1072 427 trepidantia
1090 383 1186 417 bello

226 435 344 470 Corda
362 436 447 470 licet
465 436 572 480 longe
586 436 810 480 praesciscere
831 449 839 477 3
866 447 1023 480 namque
1042 439 1225 470 morantes

225 488 387 522 Martius
405 489 466 522 ille
486 490 567 523 aeris
585 490 686 523 rauci
705 501 813 523 canor
831 489 1006 533 increpat,
1029 492 1066 522 et
1085 501 1158 523 vox

226 542 392 576 Auditur
409 542 543 576 fractos
563 543 704 576 sonitus
723 542 867 576 imitata
885 541 1073 587 tubarum)
1094 555 1102 583 3

226 594 320 628 Tum
338 595 492 639 trepidae
511 596 607 629 inter
626 607 663 629 se
682 598 826 639 coeunt,
847 596 1049 640 pennisque
1068 598 1270 639 coruscant,

227 648 445 693 Spiculaque
464 652 647 683 exacuunt
666 649 803 692 rostris,
825 651 1025 693 aptantque
1043 649 1208 692 lacertos,

227 701 276 735 Et
296 702 388 735 circa
407 714 527 746 regem
547 705 656 746 atque
675 702 754 746 ipsa
772 702 819 736 ad
837 703 1010 746 praetoria
1028 702 1150 735 densae

227 754 444 799 Miscentur,
466 755 678 799 magnisque
699 758 832 789 vocant
852 755 1067 789 clamoribus
1086 755 1236 789 hostem.

227 807 337 852 Ergo,
359 809 424 842 ubi
444 820 507 842 ver
526 812 643 842 nactae
663 809 808 852 sudum,
831 820 1049 852 camposque
1067 811 1248 852 patentes,

229 860 440 906 Erumpunt
459 862 574 906 portis
594 875 602 903 ;
632 862 858 895 concurritur
876 875 884 903 3
913 862 1047 895 aethere
1066 862 1105 895 in
1124 862 1199 895 alto

227 914 290 948 Fit
309 915 451 948 sonitus
469 928 476 956 3
504 927 678 959 magnum
697 916 824 948 mixtae
844 915 1092 958 glomerantur
1110 914 1148 947 111
1168 915 1303 958 orbem,

227 967 513 1012 Praecipitesque
533 968 669 1002 cadunt
688 981 695 1002 :
724 980 797 1002 non
818 968 964 1001 densior
983 972 1062 1001 aere
1082 968 1232 1011 grando,

229 1020 268 1054 N
271 1033 310 1054 ec
329 1021 374 1055 de
394 1023 568 1055 concussa
587 1024 734 1055 tantum
753 1022 848 1065 pluit
867 1021 948 1054 ilice
967 1021 1120 1065 glandis.

228 1073 306 1118 Ipsi
323 1086 388 1118 per
405 1075 544 1108 medias
563 1075 668 1118 acies,
690 1075 892 1118 insignibus
912 1074 989 1117 alis,

229 1127 403 1171 Ingentes
422 1128 561 1161 animos
581 1131 735 1172 angusto
755 1129 793 1161 111
811 1130 956 1171 pectore
975 1130 1122 1161 versant
1144 1140 1151 1168 3

228 1179 355 1224 Usque
373 1181 463 1214 adeo
483 1181 608 1215 obnixi
625 1193 700 1214 non
720 1181 857 1224 cedere,
879 1181 967 1214 dum
986 1181 1105 1224 gravis
1124 1182 1188 1214 aut
1207 1180 1285 1224 hos,

228 1234 307 1268 Aut
325 1234 403 1277 hos,
426 1246 529 1268 versa
547 1235 635 1278 fuga
654 1235 770 1268 victor
788 1234 873 1267 dare
892 1236 994 1277 terga
1012 1233 1164 1278 subegit.

229 1286 283 1320 Hi
302 1290 423 1321 motus
442 1287 658 1329 animorum,
681 1290 791 1331 atque
810 1287 887 1321 11ωο
907 1287 1105 1320 certamina
1123 1289 1240 1330 tanta,

228 1339 397 1375 Pulveris
417 1341 537 1385 exigui
552 1341 655 1385 jactu
675 1352 876 1384 compressa
895 1340 1091 1384 quiescent.

283 1393 423 1427 Verum
442 1395 507 1428 ubi
526 1394 694 1428 ductores
714 1394 788 1428 acie
807 1394 1030 1427 revocaveris
1049 1393 1186 1437 ambos,

229 1446 399 1481 Deterior
419 1448 482 1491 qui
501 1447 612 1490 visus,
636 1459 732 1490 eum,
755 1459 799 1480 110
819 1447 991 1491 prodigus
1011 1447 1118 1489 obsit,

229 1500 332 1534 Dede
352 1501 431 1534 neci
451 1514 458 1542 3
487 1501 615 1534 melior
633 1502 750 1534 vacua
769 1500 845 1533 sine
864 1503 990 1544 regnet
1008 1500 1047 1533 in
1066 1500 1160 1534 aula.

229 1554 336 1588 Alter
355 1554 423 1587 erit
441 1554 593 1587 maculis
613 1565 701 1587 auro
721 1554 973 1597 squalentibus
993 1553 1123 1586 ardens
1143 1565 1151 1594 3

230 1607 329 1641 Nam
349 1607 422 1640 duo
443 1610 530 1640 sunt
549 1619 680 1651 genera
697 1620 705 1648 3
733 1607 792 1640 1110
811 1607 950 1650 melior,
972 1606 1124 1650 insignis
1143 1610 1181 1642 et
1201 1619 1274 1651 ore,

230 1660 279 1693 Et
298 1660 419 1693 rutilis
440 1661 557 1694 clarus
578 1660 737 1704 squamis
758 1673 766 1702 3
794 1660 856 1693 ille
875 1659 1043 1693 horridus
1063 1660 1157 1695 alter

229 1713 393 1756 Desidia,
417 1714 602 1758 latamque
622 1713 772 1747 trahens
790 1713 966 1756 inglorius
986 1713 1119 1748 alvum.

230 1766 283 1800 Ut
303 1767 398 1800 binae
417 1778 544 1811 regum
563 1767 684 1810 facies,
706 1766 759 1800 ita
779 1778 926 1810 corpora
944 1766 1060 1809 plebis
1079 1778 1085 1800 :

230 1819 401 1865 Namque
421 1820 501 1853 aliae
517 1823 644 1864 turpes
663 1820 825 1862 horrent,
848 1831 912 1852 ceu
934 1819 1083 1863 pulvere
1102 1820 1148 1854 ab
1168 1820 1244 1854 alto

231 1873 355 1914 Quum
374 1873 488 1916 venit,
511 1876 548 1907 et
567 1876 702 1907 terram
722 1873 814 1906 sicco
834 1873 933 1916 spuit
953 1884 1013 1905 ore
1032 1871 1153 1907 viator

229 1926 367 1960 Aridus
388 1939 396 1968 3
425 1927 569 1960 elucent
588 1926 680 1969 aliae,
704 1929 741 1959 et
760 1926 899 1969 fulgore
919 1929 1121 1969 coruscant,

229 1979 412 2013 Ardentes
431 1991 531 2023 auro,
554 1982 591 2013 et
610 1980 758 2024 paribus
776 1979 842 2012 lita
861 1990 1008 2022 corpora
1026 1979 1150 2022 guttis

229 2032 322 2066 Haec
340 2033 461 2076 potior
479 2033 619 2067 soboles
637 2046 643 2067 :
673 2032 758 2066 hinc
778 2032 859 2066 coeli
877 2034 1040 2075 tempore
1060 2035 1158 2066 certo

229 2086 361 2120 Dulcia
380 2086 489 2119 mella
503 2098 643 2130 premes
664 2099 671 2128 3
700 2098 766 2119 1100
785 2087 931 2119 tantum
951 2085 1084 2129 dulcia,
1108 2088 1290 2130 quantum

229 2138 279 2172 Et
298 2139 450 2183 liquida,
473 2142 511 2173 et
531 2140 664 2173 durum
684 2139 818 2172 Bacchi
837 2138 1020 2172 domitura
1039 2150 1212 2183 saporem.

283 2194 335 2225 At
355 2204 468 2237 quum
489 2193 626 2227 incerta
646 2193 771 2226 volant
791 2192 953 2235 coeloque
973 2192 1141 2225 examina
1159 2192 1307 2236 ludunt,

230 2245 555 2290 Contemnuntque
574 2247 686 2289 favos,
711 2248 748 2279 et
767 2245 898 2289 frigida
915 2247 1013 2278 tecta
1032 2245 1259 2289 relinquunt,

230 2297 426 2332 Instabiles
445 2300 584 2332 animos
603 2300 691 2333 ludo
710 2298 917 2343 prohibebis
936 2297 1046 2331 inani.

233 2351 271 2385 N
275 2364 313 2385 00
334 2363 487 2395 magnus
508 2353 697 2396 prohibere
717 2352 818 2385 labor
834 2363 843 2392 3
871 2353 914 2384 tu
933 2350 1078 2394 regibus
1097 2350 1172 2384 alas

236 2403 342 2449 Eripe
361 2418 368 2440 z
397 2417 472 2439 11011
491 2405 563 2439 illis
583 2405 777 2450 quisquam
796 2403 1054 2438 cunctantibus
1073 2403 1191 2437 altum

1411 434 1438 458 7⁰

1413 698 1443 723 ΤΒ

1419 1232 1447 1252 85

1412 2031 1450 2052 10⁰

1411 2296 1449 2316 10⁵
