1559 2584
588 79 775 107 VIRGILII
805 80 961 107 AENEIS.

217 164 319 199 Hinc
337 164 515 209 populum
532 165 606 199 late
626 177 748 209 regem
766 165 935 209 belloque
954 166 1151 211 superbum

217 217 428 252 Venturum
447 218 588 252 excidio
608 218 735 262 Libyae
755 231 762 253 :
791 218 842 252 sic
860 218 1006 253 volvere
1024 219 1166 255 Parcas,

219 270 266 305 Id
285 273 466 314 metuens,
487 271 693 315 veterisque
712 282 851 305 memor
869 271 1040 306 Saturnia
1058 273 1156 317 belli,

219 324 344 358 Prima
363 324 462 368 quod
481 324 528 358 ad
547 324 694 368 Trojam
712 336 778 369 pro
798 324 888 358 caris
907 327 1065 369 gesserat
1085 325 1244 370 Argis—-

223 377 394 411 Necdum
413 377 524 410 etiam
543 388 660 411 causae
678 378 826 421 irarum,
848 378 1008 422 saevique
1027 378 1168 412 dolores

227 430 450 464 Exciderant
469 430 590 464 animo
609 443 615 465 :
644 433 769 464 manet
788 431 864 464 alta
883 434 1004 464 mente
1023 431 1211 475 repostum

225 483 253 517 J
256 483 419 516 udicium
438 483 593 527 Paridis,
615 487 818 528 spretaeque
837 484 972 528 injuria
989 485 1128 527 formae,

227 536 277 570 Et
296 547 409 580 genus
427 536 599 580 invisum,
622 540 658 570 et
678 537 774 581 rapti
794 537 1018 580 Ganymedis
1036 537 1246 572 honores——

222 589 293 623 His
312 600 462 623 accensa
481 601 601 633 super,
619 590 777 634 jactatos
796 601 942 634 aequore
961 593 1041 624 toto

221 642 345 685 Troas,
367 642 538 686 reliquias
559 643 727 677 Danaum
747 646 858 687 atque
877 643 1031 677 immitis
1049 644 1197 687 Achilli,

222 695 380 729 Arcebat
399 695 505 739 longe
525 696 631 730 Latio
650 709 656 730 ;
686 696 894 740 multosque
913 708 977 740 per
996 708 1110 730 annos

223 748 405 782 Errabant
425 749 497 782 acti
515 749 601 782 fatis
621 750 735 783 maria
756 750 878 783 omnia
898 751 1042 784 circum.

226 802 354 836 Tantae
372 802 478 835 molis
497 805 574 835 erat
594 802 798 836 Romanam
818 803 972 836 condere
990 806 1136 847 gentem
1159 805 1166 837 !

277 854 353 888 Vix
372 866 391 888 e
411 858 605 899 conspectu
626 855 755 889 Siculae
774 856 915 889 telluris
934 856 973 889 in
992 856 1108 890 altum

224 907 318 941 Vela
337 907 475 941 dabant
493 908 581 951 laeti,
605 911 642 942 et
662 920 807 952 spumas
826 909 910 942 salis
929 921 999 942 aere
1018 910 1175 943 ruebant
1193 923 1199 947 :

226 960 348 1002 Quum
368 960 394 994 J
397 972 483 1004 uno,
506 963 685 995 {eternum
705 973 852 995 servans
872 962 939 995 sub
958 966 1102 1005 pectore
1122 963 1208 996 vuln
1220 980 1268 1006 Α,

226 1013 319 1047 Haec
338 1025 461 1047 secum
480 1026 487 1048 ε
521 1016 545 1032 “
563 1015 675 1048 Mene
694 1015 840 1058 incepto
860 1015 1034 1048 desistere
1053 1015 1198 1059 victam,

226 1067 265 1100 N
268 1078 307 1100 ec
326 1078 429 1110 posse
450 1067 560 1101 Italia
580 1067 801 1101 Teucrorum
820 1071 983 1101 avertere
1002 1079 1122 1112 regem
1139 1068 1151 1102 2

229 1120 371 1164 Quippe
392 1122 495 1153 vetor
513 1121 618 1155 fatis!
676 1121 844 1154 Pallasne
863 1133 1012 1155 exurere
1033 1121 1180 1155 classem

230 1173 420 1217 Argivum,
446 1181 557 1218 atque
577 1173 673 1218 ipsos
692 1175 814 1218 potuit
834 1175 1062 1218 submergere
1082 1177 1208 1219 ponto,

229 1226 349 1260 Unius
368 1226 414 1260 ob
433 1238 577 1270 noxam,
603 1229 639 1261 et
658 1227 771 1261 furias
793 1228 913 1272 Ajacis
934 1227 1027 1261 Oilei
1044 1228 1054 1261 ?

229 1279 327 1323 Ipsa,
350 1279 376 1313 J
379 1279 456 1313 ovis
474 1280 644 1324 rapidum
658 1280 822 1325 jaculata
841 1293 859 1314 e
879 1281 1037 1315 nubibus
1056 1282 1188 1324 ignem,

227 1332 454 1377 Disjecitque
474 1336 570 1367 rates
589 1334 795 1378 evertitque
817 1346 963 1378 aequora
982 1334 1102 1368 ventis
1123 1348 1129 1368 :

230 1385 343 1419 Illum
362 1387 609 1430 exspirantem
628 1388 806 1421 transfixo
825 1390 970 1432 pectore
990 1388 1153 1422 flammas

229 1439 389 1472 Turbine
410 1440 583 1484 corripuit
603 1441 824 1485 scopuloque
843 1441 966 1475 infixit
985 1443 1102 1475 acuto.

231 1493 300 1526 Ast
320 1504 397 1536 ego,
421 1504 503 1537 quae
522 1493 660 1527 Divum
678 1494 807 1527 incedo
826 1494 962 1538 regina,
985 1494 1011 1528 ,J
1013 1494 1163 1539 ovisque

229 1545 279 1579 Et
298 1557 398 1579 soror
417 1548 454 1579 et
475 1546 622 1590 conjux,
646 1549 721 1580 una
741 1559 824 1580 cum
843 1551 952 1591 gente
974 1550 1029 1581 tot
1049 1559 1164 1581 annos

230 1598 335 1632 Bella
353 1610 447 1643 gero.
509 1599 558 1633 Et
578 1600 773 1644 quisquam
792 1612 926 1633 numen
949 1601 975 1634 J
978 1601 1110 1634 unonis
1130 1601 1256 1634 adoret

230 1651 426 1695 Praeterea,
449 1655 513 1686 aut
534 1653 688 1696 supplex
709 1654 778 1686 aris
797 1653 962 1697 imponat
982 1654 1155 1687 honorem
1172 1654 1215 1687 'l’'

284 1704 385 1739 Talia
402 1705 589 1739 flammato
609 1717 730 1739 secum
749 1707 827 1740 Dea
847 1706 952 1740 corde
973 1707 1154 1749 volutans,

230 1757 268 1791 N
271 1757 453 1792 imborum
472 1758 510 1792 in
530 1759 697 1803 patriam,
721 1759 800 1793 loca
817 1760 909 1793 foeta
928 1760 1135 1793 furentibus
1157 1760 1312 1804 Austris,

230 1810 405 1854 AEoliam,
428 1812 536 1846 venit,
597 1812 670 1846 Hic
689 1815 792 1846 vasto
810 1824 875 1846 rex
895 1813 1027 1846 AEolus
1046 1815 1151 1846 antro

231 1863 430 1898 Luctantes
449 1868 578 1898 ventos
597 1868 908 1910 tempestatesque
930 1878 1078 1900 sonoras

232 1917 393 1961 Imperio
413 1918 556 1962 premit,
581 1930 622 1952 ac
643 1919 772 1953 vinclis
792 1921 829 1953 et
849 1931 988 1953 carcere
1008 1919 1151 1954 fraenai.

230 1970 292 2004 Illi
310 1969 546 2015 indignantes
564 1983 696 2016 magno
714 1984 798 2006 cum
817 1984 1002 2006 murmure
1023 1973 1157 2006 montis

231 2023 375 2057 Circum
396 2024 555 2058 claustra
573 2025 736 2059 fremunt
758 2039 764 2060 :
794 2026 889 2060 celsa
909 2026 1011 2060 sedet
1031 2026 1163 2059 AEolus
1182 2037 1263 2060 arce

231 2075 381 2120 Sceptra
400 2080 538 2120 tenens,
564 2079 756 2123 mollitque
775 2079 915 2113 animos
934 2081 971 2113 et
990 2081 1171 2123 temperat
1190 2079 1270 2113 iras.

231 2128 283 2162 Ni
304 2130 423 2173 faciat,
449 2131 562 2165 maria
581 2143 622 2165 ac
640 2135 754 2166 terras
775 2132 980 2177 coelumque
1000 2132 1225 2176 profundum

232 2181 375 2227 Quippe
394 2183 515 2218 ferant
534 2184 652 2229 rapidi
671 2197 804 2229 secum,
829 2188 1049 2230 verrantque
1068 2196 1132 2229 per
1150 2196 1266 2219 auras.

231 2234 301 2269 Sed
323 2238 427 2280 pater
445 2238 676 2282 omnipotens
696 2239 876 2282 speluncis
895 2238 1038 2273 abdidit
1057 2238 1155 2281 atris,

232 2287 315 2321 Hoc
334 2292 502 2324 metuens
519 2305 527 2332 ;
557 2290 762 2336 molemque
783 2295 820 2326 et
839 2294 982 2325 montes
1002 2291 1149 2335 insuper
1169 2291 1263 2324 altos

233 2340 414 2385 Imposuit
433 2356 440 2385 ;
468 2355 661 2388 regemque
681 2345 796 2388 dedit,
819 2344 883 2388 qui
901 2344 1037 2378 foedere
1058 2347 1156 2378 certo

1420 1174 1449 1191 41)

1425 1971 1452 1990 ὁ)

1424 2235 1452 2255 Μ’
