1559 2584
170 88 250 126 194

643 99 828 127 VIRGILH
857 98 1014 129 AENEI&

272 182 431 227 Incipias
449 183 611 217 conferre
629 183 819 218 manum.''

272 236 435 270 Tantum
452 237 595 279 effatus,
616 238 655 270 et
673 235 807 270 infesta
825 236 924 271 subit
943 235 1073 271 obvius
1089 236 1203 272 hasta.

271 289 341 323 Ille
359 290 503 323 autem:
535 288 667 329 “Quid
686 300 744 322 me
763 292 908 334 erepto,-
921 288 1130 333 saevissime,
1151 292 1239 324 nato

272 341 399 375 Ten-es
413 341 426 376 2
451 341 530 376 haec
547 341 608 376 via
626 341 703 376 sola
719 341 804 386 fuit,
825 339 901 386 qua
917 341 1067 387 perdere
1085 353 1216 387 posses.

272 394 352 428 Nee
370 396 527 429 mortem
544 393 748 439 horremus,
769 405 837 429 nec
854 394 994 430 Divum
1011 395 1193 439 parcimus
1211 394 1287 430 um.

272 446 408 481 Desine
424 458 432 482 ε
456 446 536 492 jam
553 445 663 482 venio
680 446 891 491 moriturus,
913 450 951 482 et
968 445 1048 482 haec
1065 446 1135 482 tibi
1152 450 1259 493 porto

271 500 381 534 Dona
397 498 535 544 prius.”
589 498 697 536 Dixit
713 513 722 544 5
749 498 940 545 telumque
957 499 1107 539 intorsit
1124 501 1163 536 iu
1180 499 1325 536 hostem
1344 513 1350 534 :

273 552 367 587 Inde
384 551 486 590 aliud
504 562 614 598 super
631 553 743 598 atque
760 550 864 589 aliud
880 550 1047 600 figitque,
1066 553 1241 600 volatque

272 604 423 649 Ingenti
439 616 551 650 gyro;
577 603 643 641 sed
657 605 819 641 sustinet
835 616 968 641 aureus
984 605 1105 641 umbo.

274 658 344 692 Ter
361 658 497 693 circum
514 660 699 693 astantem
713 657 829 694 loevos
848 657 1030 704 equitavit
1047 659 1087 694 in
1104 657 1221 702 orbes,

276 712 364 746 Tela
382 723 493 745 manu
508 711 649 756 jaciens
663 724 673 754 ;
700 714 758 746 ter
776 723 898 746 secum
917 711 1046 746 Troius
1064 711 1170 746 heros

273 764 479 798 Iminanem
498 767 609 798 aerato
629 763 836 798 circumfert
854 764 1014 808 tegmine
1033 764 1184 808 sylvam.

275 817 369 851 Inde
387 817 451 851 ubi
470 820 527 851 tot
546 818 700 851 traxisse
719 829 850 861 morae,
871 820 929 851 tot
948 816 1087 861 spicula
1104 817 1219 851 taedet

273 870 441 912 Vellere3
469 873 506 904 et
524 873 676 914 urgetur
694 873 818 914 pugna
837 882 1047 914 congressus
1065 868 1213 914 iniqiu‘i3

275 923 400 957 Multa
418 935 569 958 movens
588 924 721 966 animo,
735 924 815 968 jam
833 923 984 957 tandem
1003 923 1174 966 erumpit,
1197 925 1234 957 et
1253 923 1351 957 inter

275 976 469 1010 Bellatoris
489 976 574 1020 equi
593 988 681 1010 cava
698 979 862 1020 tempora
881 976 1029 1020 conjicit
1047 976 1201 1010 hastam.

276 1029 389 1063 Tollit
408 1041 445 1063 se
464 1032 646 1062 arrectum
666 1029 884 1073 quadrupeS,
907 1031 944 1062 et
964 1028 1120 1062 calcibus
1138 1040 1245 1062 auras

275 1081 470 1125 Verberat,
491 1082 720 1125 effusumque
739 1082 901 1125 equitem
920 1093 1029 1125 super
1046 1081 1122 1125 ipse
1142 1084 1288 1115 secutus

276 1134 462 1179 Implicat,
484 1134 674 1178 ejectoque
693 1134 872 1168 incumbit
892 1145 1047 1168 cernuus
1067 1145 1176 1168 armo.

277 1187 442 1221 Clamore
460 1187 664 1221 incendunt
684 1187 815 1221 caelum
834 1187 1017 1231 Troesque
1036 1186 1242 1231 Latinique.

278 1241 441 1275 Advolat
463 1240 607 1284 AEneas,
631 1240 837 1284 vaginaque
856 1240 964 1284 eripit
982 1251 1105 1273 ensem
1121 1253 1130 1282 3

277 1293 327 1328 Et
346 1305 454 1338 super
471 1293 566 1328 haec:
601 1295 626 1313 “
640 1293 714 1327 Ubi
731 1305 831 1327 nunc
849 1292 1057 1326 Mezentius
1075 1304 1168 1335 acer,
1190 1295 1227 1326 et
1246 1292 1308 1326 illa

277 1346 398 1381 Effera
416 1347 471 1380 vis
489 1346 602 1380 animi
617 1346 655 1380 P’
687 1346 824 1380 Contra
842 1346 1063 1390 Tyrrhenus,
1085 1348 1128 1379 ut
1148 1357 1254 1379 auras

279 1399 486 1444 Suspiciens
504 1399 627 1433 hausit
645 1399 790 1442 coelum,
812 1402 1046 1443 mentemque
1064 1398 1220 1442 recepit:

283 1454 310 1472 “
322 1452 451 1486 Hostis
470 1464 603 1496 amare,
626 1452 715 1497 quid
735 1452 943 1496 increpitas,
964 1454 1192 1496 mortemque
1211 1445 1381 1486 minaris?

280 1505 439 1540 Nullum
457 1506 496 1539 in
516 1506 613 1540 caede
633 1505 747 1549 nefas,
769 1517 835 1539 nec
854 1505 904 1539 sic
923 1505 969 1538 ad
988 1505 1113 1548 praelia
1131 1505 1217 1538 veni
1233 1518 1241 1546 3

280 1558 320 1593 N
323 1571 361 1593 ec
379 1562 502 1593 tecum
521 1570 624 1592 meus
642 1559 720 1592 haec
739 1558 878 1602 pep'git
896 1556 987 1591 mihi
1006 1558 1145 1591 foedera
1164 1557 1312 1592 Lausus.

279 1611 407 1646 Unum
425 1612 506 1656 hoc,
528 1624 603 1656 per,
626 1612 656 1645 si
676 1624 747 1656 qua
767 1614 821 1645 est
839 1611 945 1645 victis
963 1611 1071 1644 venia
1089 1611 1266 1653 hostibus,
1289 1622 1352 1645 oro
1363 1624 1372 1654 ;

282 1665 421 1709 Corpus
440 1665 551 1699 humo
571 1665 710 1709 patiare
729 1665 811 1708 tegi.
875 1664 955 1698 Scio
974 1664 1102 1698 acerba
1115 1664 1283 1697 'meorum

280 1718 522 1752 Circumstare
541 1718 642 1752 odia:
672 1718 782 1760 hanc,
805 1729 878 1760 oro,
901 1717 1057 1751 defende
1075 1717 1248 1761 furorem,

280 1771 330 1805 Et
349 1783 406 1805 me
426 1774 629 1805 consortem
648 1771 726 1804 nati
745 1770 901 1804 concede
920 1769 1123 1814 sepulcro.'’

280 1825 374 1859 Haec
391 1825 567 1869 loquitur,
585 1824 788 1868 juguloque
807 1824 906 1857 haud
925 1823 1059 1857 inscius
1078 1822 1208 1867 accipit
1227 1834 1361 1868 ensem,

281 1877 523 1923 Undantique
541 1878 700 1912 animam
719 1877 895 1911 diffundit
913 1877 951 1911 in
971 1888 1072 1911 arma
1090 1887 1225 1912 cruore.

1448 392 1493 412 830

1450 657 1494 678 885

1451 921 1495 941 89⁰

1453 1185 1498 1206 89⁹»

1456 1451 1498 1471 91¹0

1456 1716 1498 1736 ⁹05
