1528 2569
585 110 770 137 VIRGILII
801 110 958 138 CULEX.

227 197 402 231 Infandas
420 197 591 231 scelerata
611 209 740 231 manus
760 210 805 231 ex
826 198 933 231 caede
953 200 1104 232 cruenta.
1121 210 1129 233 :

227 250 327 291 Quae
345 250 472 294 gelidis
491 251 663 284 bacchata
681 251 774 294 iugis
792 251 972 294 requievit
991 252 1030 284 in
1049 254 1166 297 antro,=

227 303 414 336 Posterius
433 314 585 347 poenam
604 304 706 347 gnati
725 304 769 337 de
789 306 905 337 morte
925 304 1065 339 datura.

227 354 302 389 Hic
321 356 430 389 etiam
449 356 557 389 viridi
575 357 742 389 ludentes
762 357 880 390 Panes
898 357 937 390 in
956 357 1068 391 herba

227 409 277 442 Et
296 409 417 452 Satyri
435 409 672 453 Dryadesque
692 410 818 443 choros
837 422 940 454 egere
960 410 1101 453 puellae

228 462 415 495 Naiadum
434 465 548 496 coetu.
609 462 769 495 Tantum
787 474 861 496 non
881 462 1045 506 Orpheus
1064 463 1232 497 Hebrum

228 515 440 549 Restantem
461 515 582 548 tenuit
601 516 688 559 ripis
707 516 887 559 silvasque
907 516 1082 559 canendo,

229 567 417 609 Quantum
434 570 471 601 te
490 568 618 612 pernix
637 571 892 612 remorantem,
914 569 1020 611 Diva,
1043 569 1204 612 choreae,

229 621 353 654 Multa
369 623 434 654 tuo
453 621 567 654 laetae
586 620 781 654 fundentes
799 621 931 664 gaudia
949 621 1070 664 vultu,

229 674 314 718 Ipsa
333 674 401 707 loci
420 677 552 707 natura
571 673 732 716 domum,
755 677 948 707 resonante
969 685 1127 717 susurro,

230 726 320 767 Quis
339 727 462 768 dabat,
485 729 522 759 et
541 726 640 759 dulci
659 726 770 759 fessas
788 727 976 760 refovebat
994 727 1033 759 in
1053 728 1191 761 umbra.

229 779 328 813 Nam
347 779 506 823 primum
524 790 638 822 prona
658 779 853 823 surgebant
873 779 967 813 valle
986 782 1153 823 patentes

228 833 364 866 Aereae
383 833 564 876 platanus,
586 832 682 865 inter
701 843 790 876 quas
808 832 920 875 impia
938 833 1044 875 lotos,

229 885 359 929 Impia,
382 897 474 929 quae
494 885 607 918 socios
626 885 746 918 Ithaci
764 885 958 918 maerentis
978 885 1110 929 abegit,

230 938 386 982 Hospita
404 938 493 972 dum
512 938 624 971 nimia
643 938 762 971 tenuit
781 938 972 971 dulcedine
993 941 1126 982 captos.

229 992 293 1034 At,
316 992 448 1035 quibus
466 991 600 1034 insigni
620 1003 727 1024 curru
746 991 927 1034 proiectus
946 1003 1124 1035 equorum

230 1045 433 1078 Ambustus
452 1044 644 1078 Phaethon
662 1044 766 1078 luctu
785 1046 992 1077 mutaverat
1012 1047 1125 1087 artus,

230 1098 416 1140 Heliades,
438 1098 572 1131 teneris
592 1097 778 1140 amplexae
797 1097 944 1130 brachia
962 1097 1116 1141 truncis,

231 1151 395 1184 Candida
413 1150 617 1184 fundebant
636 1151 750 1183 tentis
769 1150 951 1184 velamina
969 1150 1088 1184 ramis.

231 1203 426 1246 Posterius,
452 1203 509 1236 cui
528 1203 767 1246 Demophoon
787 1206 933 1236 aeterna
951 1203 1102 1247 reliquit

231 1257 390 1290 Perfidia
408 1256 611 1299 lamentari,
633 1256 726 1289 male
745 1256 897 1299 provida
916 1256 1058 1300 Phyllis
1076 1270 1083 1298 ;

232 1309 350 1350 Quam
370 1310 638 1343 comitabantur
656 1309 783 1342 fatalia
802 1309 962 1342 carmina
981 1321 1143 1353 quercus,

233 1362 393 1404 Quercus
412 1365 496 1395 ante
515 1362 633 1404 datae,
657 1362 795 1395 Cereris
815 1373 924 1406 quam
943 1362 1092 1405 semina,
1115 1363 1211 1396 vitio
1228 1375 1236 1398 :

232 1416 319 1449 Illas
338 1415 549 1458 Triptolemi
567 1415 726 1448 mutavit
746 1415 866 1448 sulcus
885 1415 1013 1448 aristis.

232 1469 305 1502 Hic
323 1480 495 1512 magnum
514 1468 654 1511 Argoae
673 1467 758 1500 navi
777 1467 885 1500 decus
905 1467 1003 1501 edita
1023 1468 1132 1511 pinus

233 1522 406 1555 Proceras
425 1522 570 1554 decorat
590 1521 698 1554 silvas
717 1521 858 1554 hirsuta
876 1532 940 1564 per
958 1523 1060 1554 artus
1077 1534 1085 1562 ;

232 1575 385 1619 Appetit
404 1575 516 1608 aereis
536 1574 744 1617 contingere
763 1574 949 1607 montibus
968 1576 1065 1607 astra

232 1629 330 1662 Ilicis
350 1630 386 1661 et
405 1627 528 1671 nigrae
547 1627 682 1670 species
701 1629 738 1660 et
757 1627 852 1660 laeta
871 1638 1061 1670 cupressus
1078 1640 1085 1668 ;

232 1681 505 1724 Umbrosaeque
524 1683 675 1713 monent
693 1680 809 1723 fagus,
831 1680 1056 1723 hederaeque
1074 1680 1228 1724 ligantes

232 1734 399 1777 Brachia,
421 1734 598 1767 fraternos
617 1733 766 1777 plangat
784 1744 830 1766 ne
849 1733 1005 1776 populus
1024 1733 1131 1775 ictus,

233 1788 411 1831 Ipsaeque
430 1786 612 1820 excedunt
630 1787 677 1819 ad
697 1797 837 1819 summa
857 1786 1043 1819 cacumina
1062 1786 1196 1829 lentae,

233 1841 471 1884 Pinguntque
490 1839 655 1873 aureolos
674 1839 783 1872 viridi
802 1839 937 1882 pallore
958 1840 1145 1882 corymbos
1163 1852 1171 1881 ;

234 1893 325 1934 Quis
343 1893 469 1926 aderat
487 1892 620 1925 veteris
638 1894 780 1935 myrtus
800 1904 874 1925 non
894 1892 1014 1925 nescia
1032 1892 1108 1926 fati.

235 1947 287 1980 At
306 1946 471 1980 volucres
489 1946 625 1989 patulis
644 1945 842 1978 residentes
862 1945 983 1978 dulcia
1001 1945 1109 1978 ramis

235 1999 403 2033 Carmina
421 2009 485 2042 per
503 1999 621 2031 varios
641 1998 756 2031 edunt
775 1998 982 2031 resonantia
1002 2000 1140 2032 cantus.

235 2053 306 2086 His
325 2052 472 2086 suberat
490 2051 619 2094 gelidis
637 2062 788 2084 manans
807 2062 826 2083 e
845 2051 1010 2083 fontibus
1028 2051 1141 2094 unda,

235 2105 336 2146 Quae
355 2104 495 2138 levibus
514 2104 698 2147 placidum
716 2104 803 2136 rivis
823 2106 927 2136 sonat
947 2106 1028 2136 acta
1045 2103 1232 2147 liquorem.

236 2158 335 2192 Hinc
353 2157 407 2191 illi
425 2157 586 2201 geminas
606 2157 728 2189 avium
748 2167 817 2189 vox
839 2156 1016 2199 obstrepit
1035 2168 1150 2191 aureS.

238 2211 336 2244 Hinc
356 2211 526 2255 querulas
545 2210 707 2243 referunt
726 2220 842 2252 voceS,
866 2211 947 2253 quis
966 2209 1092 2242 nantia
1110 2210 1198 2243 limo

237 2264 395 2308 Corpora
412 2263 561 2308 lympha
579 2263 679 2296 fovet
697 2275 704 2303 ;
733 2262 874 2295 sonitus
893 2262 958 2295 alit
977 2262 1070 2295 aeris
1089 2262 1202 2306 Echo,

236 2317 388 2361 Argutis
407 2319 444 2350 et
464 2319 594 2350 cuncta
613 2316 775 2349 fremunt
796 2315 922 2348 ardore
943 2315 1082 2349 cicadis.

237 2370 289 2404 At
309 2369 401 2404 circa
418 2369 552 2414 passim
570 2369 684 2403 fessae
705 2368 859 2401 cubuere
880 2367 1047 2412 capellae,

1385 105 1438 142 79

1403 672 1439 692 1-ss

1404 1465 1441 1485 uta

1406 1730 1442 1750 140
