1559 2584
89 128 140 165 60

490 139 679 167 VIRGILH
710 139 765 167 GE
771 139 944 167 ORGICA.

191 226 281 261 Dira
299 239 363 272 per
383 226 573 263 incautum
592 230 737 272 serpant
756 228 922 272 contagia
941 228 1081 273 vulgus.

193 280 282 314 Non
299 283 376 315 tam
396 282 531 325 creber,
553 293 662 325 agens
679 281 849 325 hiemem,
870 282 946 315 ruit
965 293 1108 326 aequore
1128 281 1250 325 turbo,
1365 279 1405 302 ‘¹⁷⁰

194 333 312 375 Quam
330 335 457 368 multae
476 335 658 378 pecudum
677 337 796 378 pestes
816 347 824 369 :
852 346 919 368 nec
938 334 1080 378 singula
1098 335 1215 369 morbi

194 386 352 431 Corpora
371 387 570 432 corripiunt
591 401 599 430 3
627 388 691 421 sed
709 390 790 422 tota
808 387 935 421 aestiva
948 391 1110 432 repente,

194 440 389 484 Spemque,
409 452 627 485 gregemque
645 441 765 484 simul,
788 443 1029 485 cunctamque
1040 441 1086 475 ab
1100 441 1235 485 origine
1245 444 1401 485 gentem.

193 494 289 527 Tum
307 494 409 537 sciat,
431 494 545 528 aerias
563 494 676 538 Alpes
694 496 731 528 et
749 494 885 527 Norica
904 494 935 527 si
953 494 1035 537 quis

195 546 353 580 Castella
371 547 410 580 in
428 547 594 590 tumulis,
616 550 653 581 et
673 547 822 591 Iapydis
840 558 927 581 arva
945 547 1097 590 Timavi,
1365 545 1406 567 ⁴⁷⁵

195 599 307 634 Nunc
326 612 472 644 quoque
490 602 573 644 post
590 602 696 634 tanto
715 600 851 643 videat,
873 600 1088 644 desertaque
1108 612 1220 645 regna

194 653 399 696 Pastorum,
424 656 461 687 et
479 654 584 697 longe
604 654 718 688 saltus
735 653 882 697 lateque
901 656 1081 687 vacantes.

195 706 269 741 Hic
287 707 472 750 quondam
490 707 616 741 morbo
636 707 718 740 coeli
736 706 942 740 miseranda
960 709 1083 740 coorta
1101 709 1157 740 est

196 760 419 804 Tempestas,
442 762 596 804 totoque
615 760 785 794 autumni
804 760 995 793 incanduit
1014 762 1118 802 aestu,

194 813 244 847 Et
262 825 376 857 genus
395 825 502 847 omne
521 813 601 847 neci
619 813 801 857 pecudum
820 813 935 856 dedit,
957 824 1063 846 omne
1082 813 1254 857 ferarum,

197 866 440 910 Corrupitque
458 867 570 910 lacus,
591 866 718 900 infecit
736 867 870 910 pabula
887 866 983 900 tabo.

196 919 235 953 N
238 931 278 953 ec
296 920 355 953 via
373 920 500 953 mortis
519 922 596 953 erat
615 920 781 963 simplex,
804 919 867 953 sed
886 919 950 952 ubi
968 919 1073 963 ignea
1091 919 1194 953 venis

198 972 377 1006 Omnibus
396 976 477 1006 acta
496 973 575 1006 sitis
594 973 742 1006 miseros
762 973 965 1006 adduxerat
985 976 1086 1005 artus
1104 986 1112 1014 ;

196 1025 338 1060 Rursus
357 1026 568 1060 abundabat
587 1026 721 1059 fluidus
740 1026 872 1070 liquor,
895 1026 1088 1070 omniaque
1107 1025 1146 1059 in
1165 1037 1202 1060 sc

197 1078 288 1114 Ossa
305 1079 517 1113 minutatim
536 1079 663 1113 morbo
683 1079 839 1123 collapsa
856 1079 1033 1112 trahebat.
1364 1077 1406 1096 *¹⁸⁵

198 1132 301 1176 Saepe
319 1132 357 1166 in
376 1133 512 1166 honore
531 1133 652 1166 Deum
670 1132 790 1166 medio
810 1135 910 1166 stans
928 1132 1047 1166 hostia
1066 1132 1112 1165 ad
1133 1144 1245 1176 aram,

197 1186 319 1220 Lanea
338 1186 428 1219 dum
447 1186 554 1220 nivea
573 1185 820 1219 circumdatur
837 1185 955 1219 infula
974 1185 1083 1228 vitta,

197 1239 302 1273 Inter
320 1241 534 1272 cunctantes
552 1239 682 1272 cecidit
701 1239 918 1272 moribunda
936 1238 1130 1273 ministros.

197 1293 276 1326 Aut
296 1292 325 1326 si
345 1304 457 1336 quam
475 1293 570 1325 ferro
590 1294 810 1326 mactaverat
829 1295 914 1325 ante
933 1292 1110 1336 sacerdos,

198 1346 292 1380 Inde
311 1358 430 1390 neque
449 1343 629 1390 impositis
647 1345 777 1379 ardent
796 1345 925 1379 altaria
943 1345 1055 1388 fibris,
1366 1343 1409 1364 ⁴¹⁹⁰

197 1399 235 1433 N
238 1411 277 1433 ec
295 1411 467 1443 responsa
485 1401 606 1443 potest
626 1399 813 1432 consultus
831 1398 981 1432 reddere
1000 1400 1103 1431 vates
1120 1410 1131 1441 3

197 1453 253 1487 Ac
272 1452 335 1486 Vix
354 1452 534 1496 suppositi
552 1452 748 1496 tinguntur
767 1451 942 1495 sanguine
962 1451 1083 1495 cultri,

199 1505 420 1550 Summaque
435 1505 566 1549 jejuna
585 1505 684 1539 sanie
703 1505 908 1538 infuscatur
926 1516 1045 1538 arena.

197 1558 298 1593 Hinc
316 1559 411 1592 laetis
429 1559 539 1593 vituli
557 1559 667 1602 vulgo
686 1559 894 1592 moriuntur
912 1557 951 1591 in
969 1557 1103 1601 herbis,

197 1613 247 1646 Et
266 1612 389 1646 dulces
408 1612 548 1645 animas
566 1612 673 1655 plena
692 1611 739 1645 ad
757 1611 931 1655 praesepia
948 1611 1119 1645 reddunt.
1366 1609 1408 1630 ⁴⁹⁵

197 1665 298 1700 Hinc
317 1665 466 1699 canibus
485 1665 629 1699 blandis
647 1665 764 1698 rabies
783 1665 897 1707 venit,
920 1667 957 1698 et
977 1664 1098 1708 quatit
1117 1675 1232 1708 aegros

198 1719 320 1753 Tussis
339 1719 469 1752 anhela
488 1730 582 1762 sues,
605 1730 645 1751 ac
664 1718 830 1751 faucibus
849 1717 952 1762 angit
971 1717 1096 1751 obesis.

197 1771 353 1806 Labitur
371 1772 512 1815 infelix,
535 1771 739 1805 studiorum
759 1773 869 1815 atque
888 1771 1079 1804 immemor
1097 1770 1232 1813 herbae,

197 1824 328 1859 Victor
347 1836 474 1869 equus,
497 1825 691 1868 fontesque
710 1824 901 1868 avertitur,
924 1827 961 1858 et
980 1824 1071 1868 pede
1091 1826 1226 1858 terram

197 1879 333 1913 Crebra
350 1879 436 1912 ferit
454 1891 460 1913 :
490 1878 656 1912 demissae
675 1889 781 1911 aures
798 1891 805 1919 ;
833 1878 994 1911 incertus
1013 1876 1149 1910 ibidem

197 1932 328 1975 Sudor,
350 1934 387 1965 et
406 1932 467 1965 ille
487 1932 637 1976 quidem
655 1930 841 1964 morituris
860 1930 1015 1974 frigidus
1033 1943 1040 1971 3
1069 1932 1147 1964 aret

197 1985 321 2028 Pellis,
344 1987 381 2019 et
401 1985 447 2018 ad
465 1987 607 2018 tactum
626 1984 803 2018 tractanti
822 1984 914 2017 dura
933 1983 1079 2017 resistit.

196 2039 289 2073 Haec
308 2041 394 2072 ante
414 2038 568 2072 exitium
587 2037 712 2081 primis
731 2037 822 2071 dant
841 2037 944 2081 signa
962 2037 1090 2070 diebus
1107 2047 1115 2071 ε

198 2092 262 2125 Sin
281 2092 319 2125 in
339 2103 507 2136 processu
527 2091 637 2135 coepit
656 2090 865 2124 crudescere
884 2090 1044 2133 morbus,

196 2145 289 2178 Tum
310 2156 394 2179 vero
413 2145 583 2179 ardentes
601 2144 708 2187 oculi,
731 2146 842 2188 atque
861 2146 1040 2177 attractus
1058 2142 1104 2176 ab
1122 2142 1198 2176 alto

198 2198 354 2242 Spiritus
372 2198 559 2232 interdum
577 2197 716 2241 gemitu
734 2197 854 2241 gravis
871 2210 879 2238 ;
907 2196 1052 2240 imaque
1072 2196 1179 2240 longo

198 2251 268 2285 Ilia
288 2251 452 2295 singultu
470 2251 631 2284 tendunt
649 2263 657 2291 ;
685 2250 715 2284 it
735 2250 883 2284 naribus
903 2252 982 2283 ater

199 2304 366 2349 Sanguis,
389 2307 426 2337 et
446 2304 606 2337 obsessas
625 2304 748 2337 fauces
767 2303 901 2347 premit
921 2313 1046 2346 aspera
1065 2301 1199 2345 lingua.

196 2357 344 2392 Profuit
362 2357 497 2391 inserto
517 2357 641 2391 latices
660 2356 854 2389 infundere
874 2366 987 2389 cornu

197 2410 349 2445 Lenaeos
366 2423 374 2453 ;
403 2422 445 2444 ea
463 2410 541 2444 visa
560 2410 656 2443 salus
675 2409 915 2443 morientibus
934 2419 1014 2442 una.

1365 810 1407 830 480

1368 1874 1409 1894 5⁰⁰

1369 2139 1410 2160 ⁵0⁵

1369 2402 1411 2424 ³1⁰
