1559 2584
104 85 156 123 70

580 95 766 125 VIRGILII
796 96 951 126 AENEIS.

207 183 392 219 Collucere
409 184 517 228 faces,
535 185 614 229 jam
631 185 769 220 fervere
787 186 914 220 littora
931 185 1097 230 flammis,

210 238 249 273 Si
266 242 304 272 te
324 238 380 272 his
399 238 563 282 attigerit
583 239 689 272 terris
708 239 853 273 Aurora
871 242 1086 274 morantem.

210 290 276 325 Eia
295 302 372 335 age,
395 302 522 335 rumpe
541 302 660 325 moras
679 304 686 326 :
717 293 855 326 varium
877 295 914 326 et
933 293 1110 327 mutabile
1129 304 1270 338 semper

211 343 415 379 Foemina.”
473 344 531 378 Sic
549 345 648 379 fatus
665 345 765 379 noeti
783 356 819 379 se
838 345 1035 380 immiscuit
1054 349 1152 380 atrae.
1378 342 1421 367 ⁵⁷⁰

264 398 358 431 Tum
377 409 463 432 vero
483 397 633 441 AEneas,
656 398 788 432 subitis
807 399 1005 433 exterritus
1024 398 1176 443 umbris,

210 450 367 494 Corripit
386 463 404 485 e
424 462 551 485 somno
571 463 712 495 eorpus,
734 452 919 496 sociosque
938 452 1069 495 fatigat
1088 463 1098 487 :

213 505 239 522 “
255 504 466 548 Praecipites
486 504 644 548 vigilate,
666 505 746 548 viri,
769 507 806 538 et
825 505 1002 539 considite
1021 505 1189 539 transtris
1207 518 1214 540 :

211 557 349 592 Solvite
369 558 450 591 vela
470 558 542 591 citi.
603 558 715 601 Deus,
738 558 875 591 aethere
894 558 1025 592 missus
1045 559 1090 592 ab
1109 559 1197 602 alto,

209 610 399 646 Festinare
418 611 554 655 fugam,
577 613 766 655 tertofque
785 611 943 645 incidere
962 612 1080 655 funes,
1378 609 1421 633 ⁵7⁵

210 663 302 698 Ecce
320 665 455 698 iterum
474 665 647 698 stimulat.
709 664 904 708 Sequimur
921 667 971 708 te,
993 667 1117 698 sancte
1136 665 1310 709 Deorum,

212 717 386 761 Quisquis
405 729 454 760 es,
477 718 700 762 imperioque
720 718 853 751 iterum
873 729 1040 762 paremus
1059 721 1218 752 ovantes.

210 771 321 804 Adsis
341 783 374 814 o,
396 771 633 815 placidusque
653 771 768 815 juves,
792 774 828 804 et
848 771 966 805 sidera
985 771 1076 805 coelo

211 823 353 858 Dextra
370 824 501 858 fkrraSj'
555 824 661 858 Dixit
682 837 689 859 :
718 825 923 869 vaginaque
942 824 1049 869 eripit
1068 836 1190 858 ensem

211 877 458 922 Fulmineum,
481 877 680 921 strictoque
699 878 784 911 ferit
804 878 1004 912 retinacula
1022 878 1126 912 ferro.
1380 876 1423 896 ⁵³⁰

211 929 317 964 Idem
337 942 461 965 omnes
480 931 588 964 simul
606 931 714 965 ardor
731 931 843 965 habet
863 944 870 972 3
898 931 1132 975 rapiuntque,
1155 934 1342 976 ruuntque
1361 945 1369 973 ;

210 983 352 1018 Littora¹
371 984 559 1018 deseruere
580 997 588 1025 ;
614 985 706 1018 latet
725 984 793 1018 sub
812 984 984 1018 elassibus
1003 996 1128 1028 aequor
1148 998 1156 1027 ;

211 1037 351 1071 Adnixi
369 1040 545 1082 torquent
565 1049 722 1081 spuma-Q
741 1040 778 1070 et
798 1037 933 1070 coerula
952 1040 1113 1071 verrunt.

266 1091 314 1124 Et
330 1090 407 1135 jam
426 1091 543 1134 prima,
562 1102 657 1124 novo
678 1090 868 1134 spargebat
888 1090 1026 1124 lumine
1044 1093 1159 1124 terras

211 1143 362 1177 Tithoni
380 1155 546 1177 croceum
564 1143 735 1188 linquens
753 1144 897 1177 Aurora
915 1143 1033 1177 cubile
1054 1156 1061 1178 :
1381 1142 1425 1162 ⁵⁸⁵

214 1196 356 1241 Regina
376 1209 395 1231 e
415 1197 569 1241 speculis
588 1200 632 1230 ut
650 1196 810 1241 primum
829 1197 1009 1231 albescere
1027 1197 1146 1230 lucem

213 1249 332 1293 Vidit,
358 1253 395 1284 et
414 1250 571 1295 aequatis
591 1250 741 1284 classem
760 1250 954 1294 procedere
975 1250 1075 1293 velis,

214 1303 442 1348 Littoraque,
465 1306 503 1337 et
522 1315 655 1337 vacuos
675 1304 787 1338 sensit
806 1304 883 1337 sine
902 1303 1036 1347 remige
1055 1305 1193 1347 portus,

213 1357 354 1401 Terque
374 1359 576 1402 quaterque
595 1368 707 1390 manu
726 1359 854 1401 peetus
872 1368 1039 1401 pereussa
1058 1357 1243 1399 decorum,

213 1410 482 1455 Flaventesque
497 1410 653 1444 abscissa
672 1422 791 1444 eomas
808 1423 815 1444 :
848 1411 872 1428 “
889 1410 988 1444 Proh
1007 1410 1155 1454 Jupiter
1171 1412 1177 1444 1
1208 1410 1275 1444 ibit
1384 1407 1427 1428 ⁵⁴⁵⁰

214 1463 326 1507 Hic,”
346 1464 410 1506 ait,
437 1465 462 1482 “
477 1466 513 1497 et
533 1464 667 1497 nostris
686 1463 842 1497 illuserit
861 1463 1003 1497 advena
1020 1463 1141 1507 regnis
1157 1463 1168 1497 2

215 1516 253 1550 N
256 1529 303 1550 on
323 1529 423 1551 arma
441 1516 650 1561 expedient,
673 1519 828 1561 totaque
848 1528 893 1550 ex
911 1517 1000 1550 urbe
1019 1519 1230 1560 sequentur,

214 1570 470 1614 Diripientque
490 1573 586 1604 rates
605 1570 667 1604 alii
686 1570 876 1603 navalibus
894 1570 905 1603 2
933 1569 995 1612 ite,

216 1624 324 1657 Ferte
344 1624 408 1657 citi
427 1624 602 1666 flammas,
626 1623 710 1657 date
729 1623 822 1666 vela,
844 1623 1020 1667 impellite
1039 1634 1165 1657 remos.

217 1676 313 1718 Quid
329 1677 460 1721 loquor
476 1677 488 1711 2
506 1680 571 1711 aut
583 1676 648 1710 ubi
659 1688 741 1710 sum
758 1676 769 1710 2
789 1688 871 1720 quae
885 1679 1047 1710 mentem
1059 1676 1201 1709 insania
1220 1679 1340 1710 mutat
1357 1677 1367 1711 2
1385 1675 1426 1695 ⁵⁰5

215 1730 352 1764 Infelix
371 1730 468 1764 Dido
489 1732 495 1764 !
525 1742 622 1763 nunc
641 1732 678 1763 te
698 1730 794 1763 facta
812 1730 923 1773 impia
941 1731 1100 1773 tangunt
1117 1729 1128 1763 2

216 1784 310 1817 Tum
329 1783 464 1827 decuit,
486 1795 601 1828 quum
620 1786 762 1827 secptra
780 1783 900 1817 dabas
961 1783 1019 1816 En
1037 1782 1168 1816 dextra
1186 1782 1347 1827 fidesque
1366 1785 1372 1817 !

218 1836 334 1878 Quem
354 1849 477 1871 seeum
495 1837 632 1881 patrios
651 1837 755 1870 aiunt
775 1839 919 1880 portare
939 1836 1097 1869 Penates
1114 1838 1120 1870 ἒ

218 1890 336 1932 Quem
355 1891 507 1924 subiisse
526 1890 686 1924 humeris
706 1890 912 1923 confectum
931 1892 1040 1923 aetate
1060 1890 1266 1933 parentem!

217 1944 307 1978 Non
325 1944 431 1988 potui
449 1944 641 1988 abreptum
661 1943 835 1977 divellere
855 1954 996 1987 eoerS,
1020 1945 1057 1976 et
1076 1943 1185 1976 undis
1388 1940 1430 1961 ⁶⁰⁰

219 1997 392 2042 Spargere
409 1997 422 2031 ’.ἱ
449 2009 525 2031 non
545 1996 670 2040 socios,
692 2008 766 2030 non
786 1997 906 2040 ipsum
926 1996 1115 2030 absumere
1134 1996 1229 2029 ferro

218 2051 429 2094 Ascanium,
451 2051 650 2095 patriisque
670 2049 893 2094 epulandum
911 2061 1045 2094 ponere
1064 2049 1198 2083 mensis
1214 2048 1225 2083 2

218 2104 360 2138 Verum
379 2116 511 2148 anceps
531 2115 664 2148 pugnae
684 2103 805 2137 fuerat
826 2103 975 2136 fortuna
992 2104 998 2136 ἒ
1030 2102 1175 2136 Fuisset
1194 2115 1201 2143 ;

220 2156 337 2198 Quem
356 2157 473 2191 metui
491 2157 670 2190 moritura
685 2156 696 2190 2
724 2157 820 2190 faces
838 2156 877 2189 in
898 2158 1014 2190 eastra
1032 2155 1212 2199 tulissem,

220 2210 505 2255 Implessemque
524 2211 621 2244 foros
640 2210 806 2252 flammis,
828 2212 1031 2253 natumque
1049 2212 1262 2253 patremque
1388 2206 1431 2227 ⁰⁰⁵

221 2264 313 2297 Cum
333 2275 462 2308 genere
483 2263 688 2297 exstinxem
709 2276 715 2297 :
744 2265 880 2296 memet
899 2273 1008 2306 super
1027 2262 1104 2306 ipsa
1123 2261 1311 2296 dedissem.

222 2316 295 2361 Sol,
318 2317 382 2362 qui
400 2319 579 2350 terrarum
600 2316 754 2350 flammis
774 2327 881 2360 opera
900 2315 1022 2349 omnia
1040 2315 1185 2357 lustras,

223 2370 350 2415 Tuque
369 2370 499 2404 harum
519 2370 696 2413 interpres
716 2381 896 2412 curarum,
919 2371 955 2402 et
975 2368 1117 2402 conseia
1134 2368 1249 2411 June,
