1559 2584
111 97 135 132 4
551 101 737 130 vmernn
765 99 995 130 BUCOLICA.

106 192 233 236 Atque
253 190 409 235 superba
427 190 505 235 pati
523 190 698 224 fastidia?
724 200 846 222 nonne
866 188 1060 222 Menalcan
1077 188 1091 223 ἲ

107 244 283 286 Quamvis
301 244 363 277 ille
381 244 494 288 niger,
518 243 684 287 quamvis
703 244 747 276 tu
766 241 944 275 candidus
964 253 1066 277 esseS.

107 297 138 332 Ο
158 298 314 331 formose
333 308 436 341 puer,
458 296 613 330 nimium
632 307 678 328 ne
698 295 801 328 crede
821 294 931 328 colori
950 307 957 329 ε

105 350 203 384 Alba
221 350 374 394 ligustra
393 349 540 392 cadunt,
562 348 724 382 vaccinia
742 347 844 391 nigra
862 347 1044 391 leguntur.

108 403 314 447 Despectus
332 402 401 436 tibi
421 413 501 435 sum
519 415 527 443 3
555 413 634 444 nec,
657 401 721 445 qui
740 401 820 443 sim,
843 401 988 443 quaeris,
1009 400 1119 434 Alexi
1137 411 1149 443 ς

109 455 230 497 Quam
249 456 351 489 dives
369 454 520 498 pecoris,
542 454 641 487 nivei
659 465 769 497 quam
787 453 892 486 lactis
911 453 1110 487 abundans.

107 509 214 542 Mille
229 520 320 542 mene
341 508 471 541 Siculis
489 509 611 540 errant
630 506 669 539 in
687 506 874 539 montibus
892 517 994 548 agnae
1016 518 1022 539 :

112 561 187 595 Lac
205 561 297 594 mihi
314 572 389 594 non
409 562 537 593 aestate
557 570 707 602 novum,
729 570 803 592 non
823 559 955 602 frigore
975 558 1074 593 defit.

110 614 242 657 Canto,
264 625 347 657 quae
367 613 507 656 solitus,
531 612 561 645 si
580 612 726 656 quando
746 614 911 645 armenta
935 611 1102 656 vocabat,

108 667 295 711 Amphion
314 666 478 700 Dircaeus
496 666 535 698 in
553 665 680 698 Actaeo
699 664 922 708 Aracyntho

108 719 189 753 Nec
209 731 289 753 sum
308 719 399 752 adeo
417 718 583 752 informis
604 730 611 752 :
639 729 756 761 nuper
770 729 827 750 me
846 717 884 752 in
902 718 1026 751 littore
1045 716 1134 760 vidi,

109 771 233 813 Quum
251 771 437 816 placidum
458 771 575 805 ventis
594 773 705 804 staret
724 781 822 803 mare
841 783 847 804 :
876 782 950 803 non
970 781 1035 813 ego
1054 769 1229 816 Daphnin

107 824 135 859 J
137 825 241 859 udice
255 827 293 858 te
313 827 486 867 metuam,
509 824 539 857 si
557 835 747 867 nunquam
765 823 869 856 fallat
887 823 1014 867 imago.

109 877 140 912 Ο
159 880 308 912 tantum
327 877 438 910 libeat
457 888 600 910 mecum
619 876 688 910 tibi
707 876 852 910 sordida
870 888 954 909 rura

111 930 238 975 Atque
256 930 415 964 humiles
432 930 596 963 habitare
617 940 726 972 casas,
749 931 786 962 et
808 929 915 973 figere
936 940 1070 972 cervos,

108 983 385 1026 Haedorumque
404 994 548 1026 gregem
569 982 675 1016 viridi
694 982 905 1025 compellere
923 982 1086 1018 hibisco!

109 1036 259 1070 Mecum
277 1048 352 1070 una
370 1035 408 1069 in
428 1036 539 1079 sylvis
558 1035 747 1069 imitabere
764 1035 865 1068 Pana
884 1035 1056 1069 canendo.

109 1088 191 1123 Pan
210 1089 349 1133 primus
369 1089 524 1122 calamos
543 1090 626 1122 cera
645 1088 862 1131 conjungere
881 1088 1003 1132 plures

108 1141 281 1176 Instituit
302 1154 308 1176 :
338 1142 418 1175 Pan
437 1143 540 1175 curat
559 1153 644 1175 oves
663 1141 859 1184 oviumque
879 1141 1080 1184 magistros.

107 1194 190 1229 Nec
207 1197 245 1228 te
264 1194 442 1238 poeniteat
462 1195 599 1228 calamo
617 1193 760 1227 trivisse
779 1194 953 1226 labellum
973 1206 980 1227 ε

107 1248 202 1282 Haec
221 1248 347 1281 eadem
366 1249 409 1281 ut
429 1248 547 1290 sciret,
570 1246 659 1290 quid
682 1257 756 1280 11011
775 1241 930 1280 faciebat
950 1244 1158 1290 Amyntas?

107 1301 176 1334 Est
194 1300 286 1334 mihi
305 1300 510 1344 disparibus
529 1303 668 1344 septem
688 1302 874 1343 compacta
893 1299 1020 1332 cicutis

107 1354 264 1396 Fistula,
286 1353 477 1387 Damoetas
497 1353 592 1387 dono
611 1352 701 1385 mihi
722 1364 832 1395 quam
852 1352 954 1385 dedit
974 1352 1060 1385 olim
1077 1364 1087 1393 3

108 1406 158 1440 Et
178 1406 273 1440 dixit
292 1407 462 1450 moriens,
484 1406 533 1439 Te
552 1417 651 1439 nunc
669 1405 781 1438 habet
800 1405 870 1438 ista
890 1405 1099 1440 secundum

108 1459 218 1494 Dixit
233 1459 422 1493 Damoetas
441 1472 449 1500 3
478 1458 612 1492 invidit
631 1457 766 1491 stultus
785 1458 975 1502 Amyntas.

109 1512 293 1546 Praeterea
312 1513 398 1555 duo,
420 1523 486 1545 1100
503 1514 588 1545 tuta
605 1510 696 1544 mihi
714 1511 807 1544 valle
826 1510 973 1554 reperti,

110 1565 288 1610 Capreoli,
311 1565 441 1609 sparsis
461 1565 570 1600 etiam
589 1575 688 1597 nunc
708 1564 863 1608 pellibus
883 1564 975 1607 albo,

109 1619 205 1652 Bina
219 1619 278 1652 die
298 1618 433 1652 siccant
453 1618 530 1652 ovis
548 1618 660 1651 ubera
681 1630 688 1658 3
717 1629 808 1661 quos
827 1617 896 1649 tibi
915 1627 1027 1650 servo.

108 1671 340 1715 Jampridem
358 1683 379 1705 a
397 1683 455 1704 me
474 1671 555 1704 illos
574 1670 754 1704 abducere
773 1670 955 1713 Thestylis
973 1671 1052 1703 orat
1068 1680 1078 1706 z

107 1724 158 1758 Et
177 1725 286 1759 faciet
304 1738 312 1766 ;
341 1724 513 1768 quoniam
529 1724 676 1757 sordent
695 1723 767 1760 tibi
785 1734 935 1756 munera
955 1725 1090 1757 nostra„

108 1777 195 1811 Huc
214 1777 313 1821 ades,
335 1789 356 1810 o
375 1778 532 1811 formose
551 1788 641 1821 puer
659 1788 666 1810 z
693 1777 763 1811 tibi
780 1776 858 1809 lilia
876 1776 992 1819 plenis

108 1830 201 1864 Ecce
221 1831 346 1864 ferunt
365 1830 551 1874 Nymphae
571 1830 722 1864 calathis
742 1843 750 1871 ;
778 1829 847 1862 tibi
866 1829 1020 1867 candida
1039 1827 1077 1860 N
1079 1831 1146 1873 (mis,

109 1883 295 1917 Pallentes
314 1883 428 1917 violas
447 1886 484 1916 et
503 1895 644 1916 summa
663 1894 843 1928 papavera
862 1893 1021 1926 carpens,

108 1936 322 1970 Narcissum
341 1939 378 1969 et
398 1936 521 1969 florem
532 1936 657 1980 jungit
676 1937 768 1970 bene
788 1935 919 1970 olentis
938 1934 1064 1968 anethi
1083 1945 1091 1969 ε

109 1988 214 2032 Tum,
240 1987 335 2023 casia
353 1991 463 2033 atque
483 1989 562 2022 aliis
581 1989 749 2023 intexens
769 1988 941 2021 suavibus
968 1987 1102 2031 herbis,

108 2042 240 2076 Mollia
259 2042 397 2075 luteola
415 2042 533 2086 pingit
551 2043 713 2076 vaccinia
731 2042 861 2075 caltha.

111 2094 195 2138 Ipse
211 2107 276 2139 ego
296 2106 385 2129 cana
403 2095 520 2139 legam
539 2098 666 2130 tenera
683 2095 855 2138 lanugine
875 2094 982 2137 mala,

110 2147 378 2192 Castaneasque
397 2159 518 2191 nuces,
543 2160 623 2182 mea
642 2160 732 2193 quas
751 2147 949 2191 Amaryllis
969 2146 1114 2181 amabat
1131 2157 1140 2181 τ

109 2201 257 2234 Addam
278 2212 379 2234 cerea
397 2213 516 2244 pruna
537 2214 544 2242 ;
573 2204 610 2235 ct
629 2202 744 2235 honos
764 2201 833 2234 erit
852 2200 937 2234 huic
957 2210 1102 2244 quoque
1120 2209 1255 2243 pomo3

108 2253 158 2287 Et
177 2265 254 2297 voe,
277 2266 297 2287 o
317 2254 422 2295 lauri,
445 2265 600 2297 carpam,
622 2258 659 2288 et
678 2258 727 2297 te,
750 2254 915 2298 proxima
934 2255 1053 2297 myrto
1070 2265 1078 2294 ;

109 2306 168 2340 Sic
187 2306 315 2350 positae
336 2306 509 2350 quoniam
529 2319 658 2340 suaves
677 2307 835 2340 miscetis
854 2306 990 2340 odoros.

106 2359 282 2394 Rusticus
301 2371 350 2403 es,
374 2359 543 2403 Corydon
563 2373 572 2402 ;
600 2372 667 2393 nec
686 2371 838 2394 munera
856 2361 958 2394 curat
977 2357 1104 2392 Alexis
1121 2370 1132 2400 3

1398 179 1421 202 15

1399 1239 1425 1259 35

1403 1500 1429 1519 Δ10

1405 1763 1430 1781 45

1401 2028 1428 2048 51)

1398 2288 1424 2309 ⁵6
