1559 2584
132 84 219 123 132

621 94 807 123 v1nG1L11
836 96 990 124 AENEIS.

244 183 444 227 Armaque,
467 185 696 227 craterasque
716 185 839 227 simul,
862 184 1105 229 pulchrosque
1124 187 1277 231 tapetas.

243 236 427 280 Euryalus
444 235 611 279 phaleras
630 235 849 270 Rhamnetis
867 239 905 270 et
924 249 1033 272 aurea
1052 238 1161 272 bullis

245 289 400 332 Cingula
419 301 428 330 3
457 288 616 333 (Tiburti
634 289 792 323 Remulo
812 289 1013 324 ditissimus
1032 291 1120 325 olim
1419 287 1461 309 ³⁶⁰

246 342 337 383 Quae
357 341 474 375 mittit
493 341 601 385 dona,
622 342 782 386 hospitio
802 353 918 386 quum
931 343 1105 387 jungeret
1124 344 1265 388 absens,

245 395 411 429 Caedicus
429 407 437 436 ;
466 394 528 428 ille
548 406 614 428 suo
632 395 792 429 moriens
811 395 875 429 dat
893 396 1026 430 habere
1046 397 1172 441 nepoti
1188 409 1197 438 ;

247 448 338 482 Post
357 450 513 486 mortem
533 448 628 481 bello
648 447 781 482 Rutuli
800 451 996 493 pugnaque
1015 450 1125 493 potiti
1137 450 1166 494 );

246 501 340 535 Haec
358 500 466 545 rapit,
484 504 595 545 atque
614 501 775 535 humeris
795 502 1040 546 nequicquam
1059 503 1218 536 fortibus
1237 505 1350 547 aptat.

246 555 340 588 Tum
359 554 499 598 galeam
520 554 680 598 Messapi
698 554 857 588 habilem
872 555 1063 600 cristisque
1082 555 1250 590 decoram
1421 553 1463 574 ³⁶⁵

247 607 388 641 Induit.
447 607 644 641 Excedunt
663 608 802 651 castris,
825 610 862 641 et
882 611 965 642 tuta
985 620 1089 652 capes
1099 611 1188 643 mut.

300 661 448 694 Interea
465 660 641 704 praemissi
660 660 802 704 equites
821 673 866 694 ex
886 661 975 695 urbe
996 661 1140 706 Latina,

248 713 378 748 Cetera
396 714 486 747 dum
504 713 598 757 legio
618 714 754 758 campis
773 714 953 748 instructa
971 717 1148 759 moratur,

249 766 374 810 Ibant,
397 769 434 800 et
453 766 575 800 Turno
594 766 688 810 regis
706 778 878 811 responsa
897 767 1076 812 ferebant,

249 820 481 862 Tercentum,
504 820 639 853 scutati
658 831 796 863 omnes,
820 819 1016 855 Volscente
1034 821 1217 865 magistro.
1425 817 1466 842 ³⁷⁰

248 873 274 906 J
277 884 409 917 amque
428 873 723 917 propinquabant
743 873 881 917 castris,
902 885 1098 918 murosque
1117 875 1303 918 subibant,

251 925 374 967 Quum
393 926 519 970 procul
538 926 604 960 hos
623 926 716 960 laevo
736 926 926 960 flectentes
944 927 1061 961 limite
1081 931 1237 961 cernunt
1257 941 1265 969 ;

248 979 298 1013 Et
316 979 418 1023 galea
436 979 639 1023 Euryalum
658 979 835 1013 sublustri
853 980 970 1013 noctis
988 980 1027 1014 in
1045 981 1174 1014 umbra

251 1032 422 1066 Prodidit
442 1032 705 1075 immemorem,
727 1032 912 1076 radiisque
932 1033 1084 1067 adversa
1102 1033 1256 1067 refulsit.

251 1084 366 1119 Haud
385 1087 521 1118 temere
541 1087 597 1118 est
615 1084 736 1118 visum
755 1097 761 1119 :
791 1085 993 1119 conclamat
1013 1086 1058 1119 ab
1077 1086 1221 1130 agmine
1240 1086 1419 1121 Volscens
1437 1099 1444 1121 :

256 1140 282 1157 “
299 1138 415 1181 State,
439 1137 508 1172 viri
526 1150 532 1172 :
562 1149 644 1181 quae
664 1149 772 1172 causa
792 1139 860 1172 viae
876 1138 887 1172 2
916 1139 1025 1182 quive
1041 1139 1127 1173 estis
1146 1139 1183 1172 in
1206 1139 1316 1173 armis
1333 1140 1344 1174 ’ἒ
1427 1137 1470 1159 ³⁷⁶

251 1191 379 1232 Quove
398 1191 533 1224 tenetis
552 1190 623 1224 iter
638 1190 680 1225 2’⁷
743 1191 849 1224 Nihil
868 1191 921 1225 illi
941 1192 1092 1226 tendere
1112 1195 1238 1236 contra
1258 1205 1266 1234 ;

252 1244 324 1278 Sed
344 1244 500 1278 celerare
519 1244 645 1288 fugam
664 1244 703 1277 in
723 1244 857 1288 sylvas,
881 1247 917 1278 et
937 1245 1049 1278 fidere
1069 1245 1178 1280 nocti.

253 1297 445 1342 Objiciunt
465 1297 607 1341 equites
627 1308 703 1330 sese
723 1297 771 1331 ad
790 1297 949 1331 divortia
967 1300 1056 1332 nota

252 1351 352 1385 Hinc
371 1353 484 1394 atque
503 1350 601 1393 hinc,
624 1361 842 1394 omnemque
862 1351 1006 1384 aditum
1026 1351 1176 1385 custode
1197 1353 1381 1385 coronant.
1429 1347 1472 1368 ³⁸⁹

308 1404 421 1448 Sylva
438 1403 512 1437 fuit
532 1403 607 1437 late
626 1403 747 1437 dumis
767 1407 877 1448 atque
896 1404 978 1438 ilice
997 1404 1102 1449 nigra

253 1457 429 1500 Horrida,
452 1468 564 1500 quam
582 1456 687 1490 densi
706 1457 932 1501 complerant
952 1458 1116 1502 undique
1135 1460 1256 1492 sentes
1275 1470 1285 1500 ;

252 1510 352 1544 Rara
371 1522 435 1554 per
454 1509 613 1543 occultos
633 1509 790 1543 ducebat
809 1510 939 1544 semita
957 1511 1074 1545 calles,

255 1563 459 1607 Euryalum
479 1562 640 1596 tenebrae
659 1574 843 1596 ramorum
863 1575 1089 1607 onerosaque
1109 1563 1233 1607 praeda

254 1616 479 1660 Impediunt,
502 1615 669 1659 fallitque
688 1615 799 1649 timor
817 1616 962 1660 regione
981 1617 1123 1650 viarum
1143 1629 1150 1651 :
1433 1613 1474 1633 ³⁸⁵

255 1670 371 1703 Nisus
390 1669 467 1702 abit
488 1682 496 1710 ;
519 1669 670 1713 jamque
689 1669 902 1713 imprudens
921 1672 1085 1703 evaserat
1104 1670 1239 1713 hostes,

256 1724 384 1766 Atque
404 1722 517 1764 lacus,
540 1722 604 1765 qui
623 1724 706 1765 post
726 1722 827 1755 Alboe
847 1722 892 1756 de
911 1723 1058 1756 nomine
1078 1722 1169 1756 dicti

255 1775 394 1810 Albani
403 1788 414 1816 ‚-
438 1778 519 1808 tum
539 1786 603 1808 rex
622 1774 767 1808 stabula
787 1775 862 1809 alta
881 1775 1035 1809 Latinus
1054 1775 1222 1809 habebat.

257 1829 310 1862 Ut
331 1828 448 1871 stetit,
472 1830 509 1861 et
529 1828 665 1861 frustra-
684 1827 874 1861 absentem
892 1828 1051 1872 respexit
1071 1829 1227 1862 amicum
1248 1840 1255 1862 ε

260 1884 285 1900 “
299 1881 474 1924 Euryale,
496 1880 626 1914 infelix
646 1882 720 1924 qua
739 1883 776 1914 te
796 1881 941 1925 regione
960 1881 1119 1926 reliqui?
1436 1878 1477 1899 ³⁹³

256 1934 383 1976 Quave
402 1945 535 1978 sequar
552 1933 598 1967 ?'’
627 1934 770 1967 Rursus
789 1935 1003 1978 perplexum
1022 1934 1092 1968 iter
1109 1945 1216 1968 omne
1235 1933 1424 1968 revolvens

256 1987 413 2023 Fallacis
432 1988 558 2031 sylvae,
581 1986 689 2020 simul
709 1990 746 2020 et
767 1988 917 2031 vestigia
935 1990 1033 2022 retro

257 2042 462 2075 Observata
481 2040 581 2084 legit,
603 2039 798 2083 dumisque
818 2040 1009 2074 silentibus
1028 2043 1133 2075 errat.

257 2094 376 2128 Audit
397 2105 521 2137 equos,
544 2092 649 2127 audit
669 2093 854 2137 strepituS,
877 2096 914 2127 et
933 2094 1036 2138 signa
1055 2093 1275 2137 sequentum

258 2148 339 2181 Nec
359 2147 511 2191 longum
531 2147 569 2179 in
589 2145 710 2179 medio
730 2149 886 2190 tempus,
910 2159 1026 2190 quum
1045 2147 1181 2180 clamor
1199 2146 1246 2180 ad
1265 2157 1370 2179 aures
1438 2144 1479 2164 ω’

259 2200 451 2242 Pervenit,
474 2211 515 2233 ac
535 2199 637 2232 videt
656 2198 858 2243 Euryalum
880 2213 887 2241 3
917 2211 1025 2244 quem
1041 2200 1116 2244 jain
1139 2211 1269 2232 manus
1288 2198 1407 2232 omni÷

260 2252 408 2287 Fraude
428 2252 497 2285 loci
517 2254 554 2286 et
573 2252 702 2295 noctis,
725 2253 846 2286 subito
865 2253 1039 2286 turbante
1059 2253 1236 2295 tumultu,

263 2310 489 2350 oppressum
510 2305 618 2349 rapit,
641 2307 678 2338 ct
697 2308 889 2339 conantem
910 2306 1067 2349 plurima
1085 2306 1229 2339 frustra.

264 2359 361 2401 Quid
384 2358 493 2393 faciat
511 2357 522 2391 ?
551 2359 625 2403 qua
645 2358 680 2391 vi
695 2357 885 2403 juvenem,
908 2359 1040 2403 quibus
1059 2358 1193 2392 audeat
1212 2356 1321 2392 armis
