1528 2569
613 101 747 128 LIBER
777 102 831 130 Vt.

174 184 271 228 Quin
289 188 328 221 et
346 197 414 221 avo
433 187 602 222 comitem
621 201 697 223 sese
720 189 925 223 Mavortius
944 189 1055 224 addet

173 239 365 284 Romulus,
388 240 554 275 Assaraci
573 253 682 285 quem
701 242 885 286 sanguinis
904 242 974 276 Ilia
992 246 1109 277 mater

172 291 322 326 Educet.
383 292 515 327 Viden’
535 296 578 327 ut
596 288 749 338 geminae
768 298 867 329 stant
886 295 1020 329 vertice
1040 295 1170 340 cristae,

173 344 222 378 Et
240 348 343 388 pater
360 345 436 389 ipse
455 357 520 380 suo
540 348 710 390 superum
724 348 802 390 jain
821 348 940 391 signat
958 348 1094 382 honore
1110 348 1122 383 2

172 397 230 430 En
249 397 373 441 hujus,
395 401 493 441 nate,
516 399 684 443 auspiciis
702 400 766 433 illa
785 401 923 444 inclyta
941 401 1060 435 Roma

172 449 371 494 Imperium
390 451 506 494 terris,
530 452 669 486 animos
689 453 849 496 aequabit
869 453 1035 497 Olympo,

172 502 389 547 Septemque
407 515 481 537 una
501 505 568 537 sibi
588 516 692 538 muro
712 506 950 550 circumdabit
969 518 1080 549 arces,‚

171 555 277 589 Felix
295 555 395 599 prole
414 557 532 590 virum
554 570 560 591 :
590 558 706 601 qualis
726 558 968 602 Berecynthia
986 562 1104 592 mater

171 607 365 641 Invehitur
384 620 490 642 curru
511 610 687 653 Phrygias
701 611 833 644 turrita
852 623 915 653 per
932 611 1052 654 urbes,

171 660 274 694 Laeta
291 661 412 694 Deum
430 665 550 705 partu,
573 665 720 696 centum
740 664 926 707 complexa
945 667 1107 707 nepotes,

171 712 305 746 Omnes
323 714 513 757 coelicolas,
535 726 659 748 omnes
678 727 807 758 supera
825 716 899 749 alta
917 719 1092 750 tenentes.

170 765 256 799 Huc
273 766 434 809 geminas
452 765 550 800 nunc
565 768 669 801 flecte
688 768 780 801 acies
799 781 807 809 3
835 769 928 801 lianc
947 769 1063 812 aspice
1081 771 1238 813 gentem,

170 818 426 863 Romanosque
445 822 528 853 tuos
546 832 553 854 ;
582 820 640 853 hic
660 820 790 863 Caesar,
813 823 850 854 et
870 821 986 854 omnis
1007 821 1082 855 Iuli

169 870 375 914 Progenies,
396 883 568 915 magnum
588 873 669 907 coeli
688 876 843 907 ventura
862 874 929 907 sub
948 885 1062 908 axem.

169 923 242 957 Hic
260 924 328 967 vir,
350 924 408 958 hic
427 928 494 968 est,
516 925 585 958 tibi
604 937 712 969 quem
731 926 895 970 promitti
914 926 1045 970 saepius
1064 927 1180 970 audis,

168 976 358 1020 Augustus
378 977 507 1021 Caesar,
529 978 616 1012 Divi
633 990 747 1022 genus
764 992 772 1020 3
801 991 909 1012 aurea
924 979 1055 1013 condet

169 1029 308 1063 Saecula
327 1029 390 1074 qui
408 1042 533 1064 rursus
552 1031 669 1074 Latio,
692 1034 841 1076 regnata
859 1044 922 1075 per
941 1044 1027 1066 arva

169 1082 327 1116 Saturno
347 1083 544 1127 quondam,
567 1095 674 1128 super
693 1087 729 1118 et
750 1084 989 1118 Garamantas
1007 1088 1044 1118 et
1058 1085 1171 1119 Indos

167 1135 333 1169 Proferet
351 1136 542 1180 imperium
561 1150 567 1170 :
591 1137 690 1180 jacet
710 1140 812 1170 extra
830 1138 948 1170 sid-:ra
965 1138 1087 1181 tellus,

167 1188 283 1222 Extra
302 1188 389 1222 anni
408 1189 564 1233 solisque
583 1190 669 1233 vias,
694 1190 758 1223 ubi
777 1190 914 1224 coelifer
932 1190 1038 1224 Atlas

166 1241 286 1275 Axem
304 1241 455 1275 humero
473 1245 621 1286 torquet
640 1242 754 1276 stellis
774 1243 987 1276 ardentibus
1005 1245 1141 1287 aptum.

166 1294 292 1338 Hujus
311 1294 350 1327 in
370 1294 532 1328 adventu
547 1295 626 1339 jam
645 1307 743 1329 nunc
762 1298 798 1329 et
820 1295 947 1339 Caspia
965 1307 1077 1340 regna

165 1346 362 1391 Responsis
381 1347 530 1381 horrent
549 1348 698 1391 Divfim,
721 1350 758 1381 et
778 1348 928 1382 Maeotia
941 1349 1062 1392 tellus,

165 1399 215 1434 Et
233 1401 508 1444 septemgemini
526 1401 678 1434 turbant
696 1401 840 1444 trepida
858 1401 951 1434 ostia
969 1401 1057 1435 Nili.

165 1453 204 1486 N
206 1465 245 1486 ec
264 1464 349 1487 vero
370 1453 515 1487 Alcides
533 1456 679 1487 tantum
697 1454 839 1487 telluris
858 1454 987 1497 obivit,

164 1506 305 1539 Fixerit
323 1506 516 1550 aeripedem
536 1518 677 1540 cervam
696 1507 791 1550 licet,
813 1509 878 1540 aut
897 1506 1116 1550 Erymanthi

165 1559 310 1593 Pacarit
330 1571 489 1602 nemora,
513 1562 549 1593 et
569 1559 723 1593 Lernam
741 1560 982 1593 tremefecerit
1001 1572 1087 1593 arcu
1107 1572 1114 1595 :

164 1611 256 1655 Nec,
279 1612 341 1656 qui
360 1612 560 1656 pampineis
579 1612 696 1646 victor
710 1612 800 1656 juga
818 1612 932 1646 flectit
950 1613 1113 1656 habenis,

166 1664 283 1708 Liber,
307 1677 416 1708 agens
435 1665 530 1698 celso
550 1665 587 1698 N
589 1665 650 1699 isae
671 1665 715 1699 de
733 1665 868 1699 vertice
887 1666 1008 1709 tigres,

168 1717 217 1751 Et
237 1718 449 1752 dubitamus
468 1718 587 1752 adhuc
607 1718 781 1752 virtutem
800 1719 995 1752 extendere
1015 1717 1144 1752 factis?

167 1771 245 1804 Aut
264 1773 384 1804 metus
403 1771 566 1804 Ausonia
584 1770 753 1814 prohibet
772 1772 965 1804 consistere
985 1773 1083 1804 terra
1097 1771 1108 1804 '3

168 1822 256 1864 Quis
276 1823 400 1868 procul
419 1824 479 1857 ille
499 1826 634 1866 autem,
657 1824 766 1857 ramis
784 1824 935 1867 insignis
955 1824 1073 1866 olivae,

168 1876 275 1909 Sacra
293 1876 412 1909 ferens
430 1875 442 1910 ’,ἰ
469 1887 576 1909 nosco
596 1877 710 1910 crines
729 1877 929 1920 incanaque
942 1879 1066 1910 menta

167 1928 276 1972 Regis
295 1928 454 1962 Romani
471 1942 479 1970 ;
507 1929 645 1973 primus
664 1929 729 1973 qui
747 1929 887 1973 legibus
905 1929 1033 1962 urbem

165 1981 366 2024 Fundab1t,
389 1981 543 2015 Curibus
561 1982 682 2026 parvis
700 1984 737 2015 et
756 1994 912 2025 paupere
931 1983 1029 2016 terra

166 2034 302 2068 Missus
321 2035 359 2067 in
378 2034 570 2078 imperium
590 2046 771 2078 magnum.
834 2034 901 2069 Cui
920 2035 1051 2068 deinde
1070 2034 1220 2078 subibit,

166 2086 251 2120 Otia
265 2087 329 2131 qui
347 2090 492 2131 rumpet
510 2087 649 2131 patri-ee,
671 2087 876 2131 residesque
896 2087 1056 2121 movebit

167 2140 295 2173 Tullus
313 2139 354 2175 in
373 2152 473 2174 arma
491 2141 599 2183 viros,
622 2143 658 2174 et
672 2140 751 2184 jam
771 2140 921 2174 desueta
937 2140 1133 2184 triumphis

166 2193 332 2236 Agmina.
394 2192 511 2234 Quem
525 2193 636 2237 juxta
655 2194 819 2238 sequitur
831 2193 1031 2237 jactantior
1049 2194 1186 2236 Ancus,

166 2245 204 2278 N
207 2255 278 2278 unc
296 2257 442 2290 quoque
456 2246 535 2290 jam
553 2246 707 2280 nimium
725 2246 887 2290 gaudens
905 2246 1139 2291 popularibus
1157 2245 1263 2280 auris.

169 2297 237 2330 Vis
257 2300 293 2331 et
313 2298 530 2343 Tarquinios
548 2311 661 2343 reges,
683 2299 915 2343 animamque
935 2299 1126 2343 superbam

171 2350 310 2386 Ultoris
329 2351 448 2396 Bruti,
470 2352 638 2396 facesque
658 2352 781 2386 videre
799 2354 960 2397 receptos
977 2351 990 2386 2

1302 97 1380 133 1153

1335 291 1373 314 73ss

1335 820 1374 842 7³0

1333 1346 1373 1365 S'JO

1333 1871 1372 1892 810
