1528 2569
659 99 793 125 LIBER
817 99 863 125 Π.

210 186 373 230 Quaeque
392 198 457 220 suo
475 185 584 220 viridi
603 188 744 231 semper
763 198 801 220 se
819 185 982 230 gramine
1002 185 1125 231 vestit,

209 239 248 274 N
250 251 289 273 ec
309 239 425 275 scabie
445 241 481 273 et
501 240 595 273 salsa
614 240 716 273 laedit
735 240 901 283 rubigine
919 239 1056 272 ferrum
1075 252 1084 281 ;

210 292 280 326 Illa
298 293 367 326 tibi
386 292 479 326 laetis
499 293 639 326 intexet
658 293 795 326 vitibus
815 293 932 325 ulmos
950 305 957 333 ;

210 345 281 379 Illa
299 345 399 379 ferax
419 346 498 379 oleo
518 348 573 379 est
589 359 598 387 ;
626 346 726 379 illam
746 346 931 389 experiere
952 344 1103 378 colendo

209 398 258 431 Et
277 398 420 432 facilem
438 399 570 442 pecori,
593 401 630 432 et
648 399 850 442 patientem
870 397 1024 432 vomeris
1043 397 1138 432 unci.

209 451 332 484 Talem
352 451 453 484 dives
472 454 550 485 arat
571 451 705 495 Capua,
728 454 765 484 et
784 451 903 485 vicina
921 450 1065 484 Vesevo

209 504 281 538 Ora
297 504 399 548 jugo,
423 507 459 537 et
478 505 601 538 vacuis
622 504 769 538 Clanius
788 516 862 537 non
885 515 1012 548 aequus
1032 503 1185 537 Acerris.

262 557 385 600 Nunc,
409 568 481 601 quo
501 569 681 601 quamque
701 557 809 590 modo
827 557 941 600 possis
960 568 1182 600 cognoscere,
1207 557 1336 592 dicam.

209 609 307 643 Rara
325 611 384 652 sit,
407 622 454 643 an
473 622 582 653 supra
600 622 736 643 morem
756 610 803 643 sit
823 610 946 652 densa,
968 609 1129 652 requiras
1148 622 1156 650 ;

209 663 336 696 Altera
354 663 547 695 frumentis
567 663 740 706 quoniam
759 663 870 704 favet,
894 663 1008 695 altera
1028 662 1170 695 Baccho
1187 675 1196 705 ;

208 715 342 758 Densa,
365 715 478 758 magis
497 715 628 758 Cereri,
649 715 829 748 rarissima
848 726 1001 758 quaeque
1021 715 1131 758 Lyaeo
1149 727 1156 750 :

208 768 307 801 Ante
326 768 447 801 locum
466 768 583 811 capies
602 768 713 801 oculis
731 781 739 809 ;
768 768 913 811 alteque
928 767 1076 811 jubebis

208 821 254 854 In
274 821 389 854 solido
408 823 560 864 puteum
580 821 736 864 demitti,
753 832 970 864 omnemque
989 832 1141 864 repones

208 873 350 907 Rursus
369 874 535 916 humum,
559 876 597 907 et
616 874 770 917 pedibus
789 885 947 907 smnmas
967 874 1129 917 aequabis
1148 886 1284 909 arenas.

210 926 248 961 Si
269 927 437 969 deerunt,
459 938 593 970 rarum,
616 927 808 971 pecorique
829 929 866 960 et
884 926 1024 960 vitibus
1043 927 1150 960 almis

209 977 360 1023 Aptius,
383 980 474 1013 uber
493 980 562 1013 erit
580 992 587 1014 ε
616 980 672 1013 sin
692 980 730 1013 in
750 991 815 1013 sua
834 991 937 1023 posse
957 980 1145 1023 negabunt

208 1032 267 1065 Ire
286 1032 375 1075 loca,
398 1035 435 1066 et
455 1033 638 1066 scrobibus
658 1033 842 1076 superabit
862 1035 958 1066 terra
976 1033 1136 1076 repletis,

209 1084 352 1129 Spissus
371 1097 455 1129 ager
475 1098 482 1120 ε
511 1086 633 1129 glebas
653 1088 866 1120 cunctantes
886 1097 1074 1129 crassaque
1094 1088 1195 1130 terga

209 1137 383 1181 Expecta,
406 1141 443 1172 et
461 1139 591 1171 validis
610 1141 745 1172 terram
763 1139 952 1182 proscinde
974 1139 1151 1182 juvencis.

209 1191 309 1225 Salsa
328 1194 450 1224 autem
468 1192 589 1234 tellus,
613 1194 649 1224 et
669 1203 750 1235 quae
769 1192 980 1235 perhibetur
999 1203 1132 1235 amara,

209 1244 391 1288 Frugibus
410 1244 549 1287 infelix,
573 1243 630 1288 (ea
648 1256 714 1278 nec
733 1244 952 1278 mansuescit
972 1244 1121 1287 arando,

208 1296 246 1329 N
249 1308 288 1330 ec
308 1297 449 1330 Baccho
467 1308 593 1340 genus,
615 1300 679 1330 aut
697 1298 813 1341 pomis
832 1309 896 1330 sua
915 1298 1063 1331 nomina
1081 1298 1229 1343 servat),

209 1350 294 1383 Tale
312 1349 415 1383 dabit
434 1350 614 1393 specimen
632 1363 638 1384 :
668 1350 722 1383 Tu
742 1351 854 1393 spisso
872 1350 1007 1383 vimine
1027 1350 1166 1394 qualos,

208 1402 366 1446 Colaque
385 1403 577 1446 praelorum
596 1403 747 1436 fumosis
765 1403 886 1446 deripe
905 1403 1012 1436 tectis
1029 1416 1036 1444 ;

207 1455 293 1489 Huc
312 1467 396 1499 ager
413 1456 474 1489 ille
493 1456 622 1498 malus,
644 1455 840 1500 dulcesque
859 1468 880 1489 a
898 1455 1062 1489 fontibus
1080 1456 1192 1490 undae

207 1508 268 1542 Ad
286 1509 436 1552 plenum
456 1509 640 1542 calcentur
660 1521 666 1543 :
696 1520 791 1552 aqua
810 1509 1029 1542 eluctabitur
1041 1509 1158 1542 omnis

209 1560 362 1604 Scilicet,
382 1564 418 1595 et
437 1562 591 1605 grandes
610 1562 717 1595 ibunt
735 1573 799 1606 per
817 1562 955 1596 vimina
973 1564 1089 1606 guttae
1105 1575 1115 1604 3

208 1615 260 1648 At
280 1626 384 1658 sapor
402 1615 578 1648 indicium
597 1615 706 1648 faciet
725 1615 952 1659 manifestus,
976 1617 1012 1648 et
1032 1626 1095 1649 ora

209 1667 341 1701 Tristia
360 1668 571 1701 tentantfim
591 1680 698 1701 sensu
718 1668 904 1712 torquebit
924 1679 1073 1702 amaror.

207 1719 359 1764 Pinguis
379 1721 468 1754 item
488 1733 570 1765 quae
589 1721 636 1754 sit
656 1721 778 1764 tellus,
800 1722 868 1755 hoc-
886 1721 1044 1765 denique
1064 1723 1170 1765 pacto

205 1772 387 1807 Discimus
408 1785 414 1808 :
443 1773 542 1807 haud
562 1785 725 1818 unquam
744 1774 912 1808 manibus
926 1774 1066 1818 jactata
1083 1774 1234 1818 fatiscit,

206 1826 277 1860 Sed
296 1827 385 1870 picis
404 1827 442 1859 in
462 1838 599 1860 morem
619 1827 664 1860 ad
681 1827 814 1871 digitos
833 1827 999 1861 lentescit
1018 1827 1197 1861 habendo.

206 1879 373 1913 Humida
391 1879 545 1923 majores
565 1879 693 1913 herbas
713 1881 790 1923 alit,
812 1880 962 1924 ipsaque
977 1880 1080 1924 justo

205 1932 341 1966 Laetior
361 1944 368 1966 ε
397 1932 443 1966 ah
462 1933 616 1966 nimium
635 1944 682 1967 ne
701 1933 748 1966 sit
767 1933 858 1966 mihi
876 1933 1007 1966 fertilis
1025 1933 1100 1976 illa,

206 1984 293 2019 Neu
313 1997 349 2018 se
368 1986 603 2028 praevalidam
621 1986 746 2029 primis
766 1986 935 2020 ostendat
954 1986 1074 2020 aristis
1093 1987 1100 2020 Ξ

207 2037 297 2078 Quae
316 2038 435 2081 gravis
454 2041 520 2081 est,
543 2039 621 2082 ipso
640 2039 790 2072 tacitam
809 2050 846 2072 se
865 2039 1024 2082 pondere
1044 2039 1167 2082 prodit
1185 2052 1194 2080 3

202 2090 366 2134 Quaeque
380 2091 478 2124 levis.
531 2090 749 2135 Promptum
764 2094 818 2125 est
833 2092 946 2125 oculis
960 2092 1171 2135 praediscere
1186 2092 1340 2136 nigram,
1380 2090 1405 2111 2⁵

202 2143 252 2177 Et
267 2144 349 2187 quis
368 2144 426 2177 cui
446 2144 550 2178 color.
612 2144 664 2177 At
684 2144 896 2178 sceleratum
916 2145 1106 2188 exquirere
1126 2145 1240 2189 frigus

201 2196 355 2230 Difficile
375 2199 430 2230 est
448 2209 455 2231 :
484 2197 594 2240 piceae
613 2199 771 2240 tantum,
793 2197 943 2241 taxique
963 2200 1136 2231 nocentes

202 2249 407 2293 Interdum,
424 2252 489 2283 aut
507 2250 650 2283 hederae
669 2250 838 2293 pandunt
856 2250 1009 2294 vestigia
1027 2251 1148 2294 nigrae.

256 2302 327 2336 His
346 2302 616 2346 animadversis,
638 2305 773 2336 terram
791 2303 909 2336 multo
928 2306 1012 2337 ante
1032 2305 1216 2337 memento

202 2355 424 2401 Excoquere,
447 2358 484 2390 et
502 2367 651 2400 magnos
671 2356 856 2390 scrobibus
875 2356 1061 2390 concidere
1086 2359 1242 2401 montes,

1367 90 1418 126 41

1381 238 1423 260 ²20

1383 766 1423 786 *23⁰

1381 1030 1424 1052 235

1382 1294 1425 1317 210

1380 1553 1420 1574 2⁴5

1380 1824 1425 1848 250
