1528 2569
658 97 793 126 LIBER*
823 97 896 126 vn.

232 186 327 221 Belli
345 186 496 221 ferratos
516 187 615 230 rupit
635 186 806 221 Saturnia.
824 188 954 230 postes.

284 239 401 274 Ardet
417 240 577 273 inexcita
590 240 752 273 Ausonia
770 242 880 284 atque
898 238 1093 273 immobilis
1110 242 1196 273 ante
1215 252 1223 275 :

232 293 323 327 Pars
341 293 451 336 pedes
468 292 520 326 ire
539 295 644 336 parat
663 293 796 336 campis
816 306 824 333 3
852 304 934 336 pars
953 292 1088 326 arduus
1105 293 1189 326 altis

233 345 518 380 Pulverulentus
537 346 639 389 equis
658 345 766 379 furit:
796 356 920 378 omnes
938 357 1038 379 arma
1055 345 1256 389 requirunt.

233 399 324 433 Pars
343 399 440 432 leves
459 398 602 442 clypeos
620 401 657 431 et
675 398 814 442 spicula
830 397 951 431 lucida
973 401 1122 441 tergunt

233 452 374 486 Arvina
392 451 531 495 pingui,
554 451 800 494 subiguntque
820 451 858 484 in
878 453 957 484 cote
976 462 1117 484 secures
1135 464 1143 492 ;

237 505 418 549 Signaque
437 504 529 538 ferre
545 504 665 548 juvat,
688 504 900 547 sonitusque
919 503 1043 537 audire
1062 504 1244 539 tubarum.

235 558 406 602 Quinque
425 557 514 591 adeo
532 568 672 600 magnae
692 556 1031 600 positisincudibus
1049 557 1156 590 urbes

235 611 321 644 Tela
339 613 477 644 novant
497 624 504 651 3
533 610 646 643 Atina
664 612 805 653 potens,
823 609 1007 652 Tiburque
1026 611 1234 654 superbum,

235 664 368 706 Ardea,
392 663 700 706 Crustumerique,
723 665 760 695 et
778 662 965 705 turrigerae
984 662 1189 696 Antenmae.

235 716 408 760 Tegmina
425 718 508 749 tuta
526 718 656 748 cavant
676 715 849 758 capitum,
871 715 1097 758 flectuntque
1115 716 1270 759 salignas

235 768 448 802 Umbonum
467 770 581 801 crates
600 781 608 809 3
636 767 698 801 alii
716 767 881 800 thoracas
900 771 1020 810 aenos,

235 823 313 856 Aut
330 821 428 855 leves
447 832 567 854 ocreas
585 821 685 854 lento
705 820 845 853 ducunt
864 823 1023 863 argento.

236 874 404 908 Vomeris
423 874 494 907 huc
513 876 550 907 et
568 873 669 907 falcis
687 873 814 914 honos,
832 873 904 906 11110
922 873 1039 906 01111115
1058 872 1170 907 aratri

237 928 351 962 Cessit
369 938 469 961 amor
484 940 494 968 3
521 930 724 970 recoquunt
743 926 879 970 patrios
897 926 1105 959 fornacibus
1124 938 1226 961 enses
1245 941 1255 970 3

237 980 393 1014 Classica
406 980 555 1024 jamque
575 983 706 1013 sonant
720 992 728 1020 3
756 979 786 1012 it
807 979 899 1012 bello
917 981 1054 1012 tessera
1072 979 1224 1023 signum.

237 1034 310 1067 Hic
329 1033 469 1077 galeam
488 1032 596 1066 tectis
614 1032 778 1077 trepidus
796 1032 891 1075 rapit
909 1045 916 1073 3
945 1032 1005 1065 ille
1024 1032 1219 1066 frementes

237 1087 298 1120 Ad
312 1086 402 1130 juga
421 1086 516 1129 cogit
535 1097 658 1129 equos,
681 1085 920 1128 clypeumque
939 1096 1100 1128 aureque
1118 1086 1272 1121 trilicem

237 1139 402 1173 Loricam
421 1139 599 1180 induitur,
621 1138 767 1181 fidoque
787 1137 987 1181 accingitur
1006 1149 1099 1172 ense.

293 1191 451 1225 Pandite
470 1203 568 1225 nunc
588 1191 778 1233 Helicona,
800 1190 900 1233 Deae,
923 1193 1123 1234 cantusque
1142 1196 1286 1227 movete
1303 1207 1310 1229 :

239 1245 312 1286 Qui
329 1244 425 1278 bello
444 1243 555 1278 exciti
573 1255 674 1287 reges
694 1257 702 1284 3
731 1255 813 1287 quae
832 1255 1012 1287 quemque
1032 1247 1166 1278 secutae

239 1297 464 1342 Complerint
483 1309 626 1340 campos
645 1296 737 1330 acies
757 1309 765 1338 3
795 1296 926 1340 quibus
946 1296 1041 1329 Itala
1055 1296 1134 1340 jam
1153 1301 1234 1332 tum

239 1350 423 1384 Floruerit
442 1353 538 1383 terra
557 1350 652 1383 alma
670 1349 769 1392 viris,
791 1349 924 1392 quibus
942 1349 1071 1382 arserit
1090 1351 1199 1384 armis

205 1427 207 1429 ·
239 1403 289 1437 Et
308 1401 524 1437 meministis
539 1402 646 1443 enim,
665 1402 782 1444 Divae,
804 1413 1002 1434 memorare
1021 1403 1171 1445 potestis
1191 1416 1200 1445 ;

238 1456 299 1490 Ad
316 1468 386 1490 nos
405 1456 468 1489 vix
485 1454 608 1489 tenuis
627 1455 734 1488 faune
753 1454 956 1498 perlabitur
973 1466 1068 1488 aiu-a.

293 1509 439 1543 Primus
456 1508 526 1542 init
545 1508 683 1541 bellum
702 1507 898 1551 Tyrrhenis
916 1519 1020 1551 asper
1039 1508 1084 1541 ab
1104 1509 1175 1542 oris

240 1562 478 1605 Conteniptor
496 1561 635 1594 Divum
654 1558 876 1603 Mezentius,
898 1560 1114 1604 agminaque
1133 1565 1259 1598 armat.

239 1615 355 1648 Filius
372 1614 459 1647 111110
473 1614 585 1658 juxta
604 1614 744 1647 Lausus
764 1626 771 1654 ;
801 1625 874 1656 quo
893 1613 1076 1656 pulchrior
1095 1614 1186 1648 alter

239 1667 326 1701 Non
345 1665 430 1710 fuit,
453 1669 604 1711 excepto
624 1666 816 1700 Laurentis
839 1677 985 1709 corpore
1005 1666 1118 1699 Turni
1135 1679 1142 1701 :

239 1720 380 1754 Lausus
399 1721 534 1763 equum
553 1720 725 1762 domitor,
747 1719 1019 1762 debellatorque
1037 1719 1209 1764 ferarum,

239 1773 352 1807 Ducit
370 1773 544 1816 Agyllina
562 1771 807 1815 nequicquam
826 1783 871 1804 ex
885 1771 974 1804 urbe
993 1775 1134 1805 secutos

241 1826 345 1859 Mine
365 1825 461 1859 viros
480 1839 488 1866 3
517 1825 660 1868 dignus,
681 1824 808 1868 patriis
827 1824 890 1867 qui
909 1824 1027 1857 laetior
1045 1828 1137 1858 esset

242 1878 420 1922 Imperiis,
442 1880 479 1911 et
499 1878 556 1911 cui
574 1880 677 1921 pater
693 1877 793 1910 haud
813 1876 1016 1910 Mezentius
1034 1879 1138 1912 esset.

241 1930 331 1965 Post
349 1931 415 1964 hos
434 1930 613 1974 insignem
631 1930 753 1973 palme
770 1941 834 1973 per
852 1930 1014 1973 gramina
1039 1941 1196 1972 currum,

242 1983 483 2027 Victoresque
502 1985 662 2017 ostentat
681 1994 804 2026 equos3
827 1985 926 2015 satus
945 1981 1104 2016 Hercule
1123 1983 1273 2027 pulchro

239 2036 397 2070 Pulcher
416 2036 645 2076 Aventinus3
674 2036 886 2079 clypeoque,
909 2035 1048 2078 insigne
1067 2039 1272 2080 paternum,

242 2089 399 2123 Centum
419 2101 553 2133 angues
573 2088 801 2131 cinctamque
819 2087 911 2131 gerit
931 2089 1160 2131 serpentibus
1178 2089 1334 2134 hydram
1354 2102 1362 2125 ι

239 2142 349 2176 001115
369 2141 546 2175 Aventini
566 2142 670 2185 sylva
689 2152 798 2184 quem
817 2140 921 2173 Rhea
940 2141 1104 2175 sacerdos

240 2195 434 2228 Fuiti'vum
453 2197 562 2239 partu
582 2194 649 2227 sub
667 2193 816 2227 luminis
835 2193 952 2226 edidit
971 2205 1063 2237 oras,

242 2247 365 2281 Mixta
383 2248 462 2281 Deo
481 2248 612 2281 mulier
628 2260 637 2289 ;
665 2249 858 2290 postquam
877 2245 1075 2280 Laurentia
1094 2247 1221 2291 victor,

242 2300 411 2344 Geryone
431 2301 624 2343 exstincto,
647 2299 861 2343 Tirynthius
880 2299 1002 2343 attigit
1021 2311 1120 2344 arva,

241 2351 501 2398 Tyrrhenoque
519 2353 630 2387 boves
649 2352 687 2387 in
707 2352 857 2386 flumine
876 2352 967 2386 lavit
988 2352 1119 2387 Iberas.

1356 90 1433 126 131

1399 610 1439 630 530

1402 874 1441 894 δά)

1404 1141 1445 1160 641»

1407 1406 1448 1426 6⁴5

1410 1668 1451 1687 650

1411 1930 1452 1951 605

1413 2194 1453 2214 600
