1528 2569
655 101 790 128 LiBER
820 101 864 127 11.
1368 93 1420 129 339

212 185 285 221 Ora
302 186 428 221 fovent
446 187 522 230 illo,
545 189 582 221 et
601 188 748 222 senibus
766 188 995 222 medicantur
1013 187 1162 222 anhelis.
1383 186 1424 206 ¹²⁴⁵

267 239 338 273 Sed
356 251 475 283 neque
495 240 703 284 Medorum,
726 241 839 285 sylvae
859 241 1048 284 ditissima,
1069 243 1178 284 terra,

212 291 251 325 Ν
253 304 293 326 ec
311 293 462 336 pulcher
481 293 636 338 Ganges,
659 297 770 338 atque
789 306 877 328 auro
896 294 1065 327 turbidus
1085 294 1259 336 Hermus,

211 345 397 379 Laudibus
417 346 535 379 Italiae
555 350 694 380 certent
713 360 719 381 :
750 359 824 380 non
844 347 987 390 Bactra,
1009 358 1128 391 neque
1148 346 1247 390 Indi,

213 398 376 442 Totaque
394 399 582 433 thuriferis
602 401 786 433 Panchaia,
804 399 949 444 pinguis
967 400 1094 434 arenis.

213 450 305 485 Haec
324 452 402 485 loca
419 463 494 486 non
512 455 610 486 tauri
628 453 805 497 spirantes
824 453 972 486 naribus
989 452 1112 496 ignem

213 504 413 548 Invertere,
431 506 518 539 satis
537 505 705 539 immanis
724 506 895 539 dentibus
914 505 1023 550 hydri
1043 519 1050 547 ;

214 557 253 590 N
254 569 293 591 ec
312 557 422 601 galeis
442 559 635 603 densisque
648 559 769 593 virum
788 571 887 602 seges
905 559 1048 592 horruit
1067 558 1181 592 hastis
1200 570 1210 593 ε

216 609 286 644 Sed
306 611 465 654 gravidae
484 612 617 655 fruges,
641 615 678 645 et
697 612 831 645 Bacchi
851 612 1030 645 Massicus
1049 612 1182 645 humor

213 663 416 706 Implevere
437 677 444 704 ;
472 666 601 697 tenent
620 665 793 708 oleaeque,
815 667 1051 709 armentaque
1070 664 1164 698 laeta.

214 715 314 749 Hinc
332 716 486 750 bellator
505 721 620 761 equus
639 728 764 761 campo
784 729 859 750 sese
878 717 1014 750 arduus
1032 717 1143 750 infert
1160 729 1168 758 ;

213 768 313 802 Hinc
330 769 415 812 albi,
438 769 634 813 Clitumne,
657 782 793 814 greges,
816 773 852 803 et
871 770 1031 803 maxima
1051 773 1179 803 taurus

214 821 386 865 Victima,
410 834 504 866 saepe
522 826 588 856 tuo
607 823 744 867 perfusi
763 823 913 856 flumine
932 834 1044 865 sacr-o,

212 875 398 912 Romanos
416 876 463 909 ad
481 876 619 920 templa
632 876 752 910 Deum
771 876 907 910 duxere
926 875 1141 919 triumphos.

213 928 286 961 Hic
305 939 368 961 ver
386 928 584 972 assiduum,
606 932 717 973 atque
736 929 863 962 alienis
881 929 1065 962 mensibus
1086 930 1191 962 aestas
1209 939 1218 963 ·.

214 981 276 1014 Bis
295 981 453 1024 gravidae
472 982 641 1025 pecudes,
662 982 718 1015 bis
736 982 852 1026 pomis
871 982 972 1015 utilis
991 982 1106 1016 arbos.

212 1035 264 1067 At
282 1034 418 1068 rabidae
437 1035 547 1079 tigres
565 1036 713 1077 absunt,
735 1038 772 1068 et
790 1047 887 1068 saeva
905 1035 1052 1068 leonum

214 1087 359 1121 semina
378 1099 387 1128 3
416 1099 482 1121 uec
500 1089 648 1122 miseros
667 1089 802 1121 fallunt
821 1088 964 1122 aconita
982 1088 1144 1131 legentes
1164 1099 1172 1128 ;

212 1140 291 1174 Nec
309 1141 405 1184 rapit
422 1140 615 1175 nnmensos
634 1142 737 1175 orbes
755 1153 819 1185 per
835 1142 1001 1184 humum,
1023 1151 1143 1184 neque
1160 1142 1267 1174 tanto

213 1193 414 1237 Squameus
432 1194 470 1227 in
490 1195 623 1238 spiram
641 1198 761 1228 tractu
780 1207 816 1227 se
836 1194 972 1238 colligit
991 1193 1128 1237 anguis.

214 1247 318 1280 Adde
338 1249 395 1280 tot
414 1248 573 1291 egregias
591 1248 712 1291 urbes,
734 1259 957 1291 operumque
975 1247 1135 1280 laborem
1153 1259 1161 1288 ;

214 1300 283 1333 Tot
302 1303 471 1343 congesta
489 1312 601 1334 manu
619 1301 815 1344 praeruptis
829 1300 962 1344 oppida
981 1300 1077 1333 saxis
1097 1312 1106 1341 ;

215 1353 456 1396 Fluminaque
476 1354 647 1397 antiquos
666 1354 792 1387 subter
810 1353 972 1386 labentia
990 1364 1122 1386 muros.

214 1407 274 1440 An
293 1417 404 1448 mare,
421 1407 519 1450 quod
539 1418 659 1450 supra,
677 1418 886 1449 memorem,
906 1406 1077 1449 quodque
1098 1405 1203 1438 alluit
1222 1403 1317 1437 infra
1338 1402 1348 1437 Ζ

214 1459 322 1492 Anne
341 1459 440 1492 lacus
459 1462 583 1493 tantos
601 1460 612 1493 '2
639 1462 688 1503 te,
711 1459 796 1493 Lari
814 1459 972 1492 maxime
990 1472 997 1500 3
1027 1461 1137 1502 teque

214 1505 405 1545 Fluctibus
420 1515 457 1546 et
475 1513 625 1546 fremitu
643 1524 845 1556 assurgens,
868 1512 1023 1554 Benace,
1046 1511 1187 1544 marino
1204 1510 1216 1544 2

215 1566 275 1599 An
293 1576 490 1599 memorem
509 1569 647 1609 portus,
670 1566 900 1610 Lucrinoque
920 1565 1047 1598 addita
1066 1564 1236 1607 claustra,

214 1620 338 1662 Atque
357 1618 590 1662 indignatum
608 1619 748 1663 magnis
768 1619 983 1652 stridoribus
1003 1629 1140 1661 aequor,

214 1671 240 1705 J
242 1672 317 1705 ulia
337 1683 409 1715 qua
428 1676 540 1716 ponto
558 1672 665 1716 longe
685 1675 789 1706 sonat
809 1672 909 1705 unda
927 1671 1061 1713 refuso,

215 1725 495 1769 Tyirhenusque
514 1726 617 1758 fretis
636 1725 851 1758 immittitur
871 1727 981 1758 aestus
1001 1723 1157 1757 Avernis
1173 1722 1186 1757 2

215 1777 307 1811 Haec
327 1778 453 1811 eadem
471 1778 611 1822 argenti
629 1779 737 1821 rivos,
760 1778 913 1821 aerisque
932 1777 1082 1810 metalla

217 1831 388 1864 Ostendit
407 1832 522 1874 venis,
544 1834 655 1875 atque
674 1843 762 1865 auro
781 1831 938 1875 plurima
958 1830 1074 1863 fluxit.

215 1884 308 1917 Haec
326 1896 440 1927 genus
459 1896 539 1918 acre
558 1885 689 1927 virum,
712 1884 866 1925 Marsos,
887 1884 1094 1927 pubemque
1114 1881 1308 1923 Sabellam,

216 1937 488 1981 Assuetumque
506 1938 602 1971 malo
622 1937 804 1981 Ligurem,
827 1937 1050 1980 Volscosque
1069 1938 1217 1969 verutos

215 1989 363 2023 Extulit
380 2004 387 2031 ;
415 1990 493 2024 haec
511 1990 653 2034 Decios,
675 1991 825 2033 Marios,
846 2001 1068 2033 magnosque
1087 1987 1269 2030 Camillos,

218 2043 403 2086 Scipiadas
422 2043 531 2076 duros
550 2044 645 2076 bello
663 2057 671 2085 ;
699 2047 737 2077 et
755 2047 805 2087 te,
827 2043 984 2076 maxime
1005 2043 1136 2085 Oaesar,

218 2096 289 2137 Qui
307 2107 405 2129 nunc
424 2097 595 2129 extremis
614 2096 711 2130 Asiae
726 2096 805 2140 jam
822 2097 939 2129 victor
957 2095 996 2128 in
1016 2095 1086 2129 oris

219 2149 411 2182 Imbellem
430 2149 564 2183 avertis
583 2149 758 2182 Romanis
778 2149 920 2182 arcibus
941 2148 1086 2182 Indum.

219 2202 336 2245 Salve,
359 2214 489 2246 magna
508 2214 636 2246 parens
655 2202 814 2246 frugum,
838 2201 1008 2235 Saturnia
1026 2201 1147 2244 tellus,

219 2255 356 2298 Magna
374 2256 494 2289 virum
512 2268 519 2290 :
548 2255 616 2288 tibi
635 2267 690 2288 res
710 2256 871 2299 antiquae
890 2254 1009 2288 laudis
1028 2257 1065 2288 et
1084 2254 1173 2288 artis

219 2307 420 2352 Ingredior,
438 2311 580 2342 sanctos
595 2320 703 2342 ausus
721 2307 905 2342 recludere
923 2308 1043 2341 fontes
1061 2320 1069 2349 3

223 2361 483 2406 Ascraeumque
504 2373 594 2395 cano
613 2362 781 2395 Romana
799 2372 863 2405 per
881 2360 1014 2405 oppida
1032 2372 1187 2395 carmen.

1386 448 1425 470 14⁰

1386 713 1426 733 145

1388 971 1424 992 150

1391 1241 1427 1261 155

1390 1506 1429 1526 '100

1394 2035 1432 2058 170

1392 2301 1427 2324 1ῗὸ
