1528 2569
612 99 747 125 LIBER
777 98 851 126 VII.

191 188 347 222 AEthera
363 186 572 220 mulcebant
590 189 712 230 cantu,
733 186 888 231 lucoque
906 186 1090 222 volabant.

191 241 354 275 Flectere
373 240 444 274 iter
462 239 578 282 sociis,
599 242 778 284 terraeque
792 239 980 274 advertere
999 252 1134 284 proras,

190 294 351 337 ImPfflat
373 306 381 335 ;
409 294 445 326 et
462 293 570 326 laetus
588 293 699 326 fluvio
718 293 878 326 succedit
897 304 1018 336 opaco.

245 346 283 380 N
284 357 356 379 unc
375 357 452 388 age,
474 346 537 389 qui
555 357 667 390 regeS,
690 345 813 388 Erato,
836 357 918 390 quae
937 349 1101 390 tempora
1118 358 1250 389 rerum,

193 398 282 440 Quis
301 398 406 432 Latio
425 398 576 442 antiquo
595 399 705 431 fuerit
724 401 853 441 status,
875 399 1016 432 advena
1035 399 1184 433 classem

193 451 316 492 Quum
333 451 491 495 primum
509 451 680 485 Ausoniis
699 452 879 485 exercitus
897 452 1039 495 appulit
1057 452 1141 494 oris,

192 504 404 548 Expediam,
426 507 463 538 et
481 504 608 547 prima),
626 505 800 538 revocabo
819 504 967 538 exordia
984 516 1116 548 pugnae
1135 517 1141 538 :

193 556 248 590 Tu
266 560 400 599 vatem,
421 559 476 599 tu,
498 557 605 599 Diva,
627 569 743 591 mone.
804 555 932 590 Dicam
951 557 1097 591 horrida
1115 558 1210 592 bolla
1228 570 1237 599 ;

194 610 322 644 Dicam
340 610 445 651 acies,
473 612 646 653 actosque
665 610 794 643 animis
812 610 851 642 iu
870 611 999 643 funera
1016 622 1129 654 reges,

194 662 488 706 Tyrrhenamque
507 674 668 705 manum,
690 665 879 706 totamque
899 663 966 696 sub
986 674 1086 697 arma
1105 666 1266 697 coactam

195 715 418 758 Hesperiam.
479 714 601 758 Major
617 726 738 748 rerum
758 715 848 748 mihi
866 715 1027 748 nascitur
1045 716 1132 749 ordo
1150 729 1157 756 ;

195 767 319 811 Majus
338 778 430 811 opus
448 778 585 801 moveo.
648 767 729 800 Rex
747 779 834 801 arva
853 767 1006 801 Latinus
1025 771 1062 801 et
1076 768 1184 801 urbes

193 820 220 854 J
222 832 281 854 am
300 821 418 853 senior
436 820 545 863 longa
564 820 723 863 placidas
743 820 781 853 in
801 831 886 863 pace
906 821 1062 864 regebat.

195 873 308 906 Hunc
326 873 454 906 Fauno
473 874 510 905 et
529 873 692 916 nympha
710 873 874 916 genitum
894 873 1076 907 Laurente
1096 874 1236 907 Marica

193 926 402 969 Accipimus
419 938 426 959 :
455 925 582 958 Fauno
602 926 711 959 Picus
729 928 833 969 pater
851 939 857 959 :
886 926 987 969 isque
1006 930 1195 970 parentem

195 979 257 1021 Te,
280 978 447 1020 Saturne,
469 979 579 1011 refert
598 991 604 1012 :
633 981 676 1011 tu
692 978 876 1022 sanguinis
895 979 1048 1012 ultimus
1067 982 1202 1013 auctor.

195 1031 311 1065 Filius
324 1031 420 1074 huic,
442 1031 518 1064 fato
537 1031 687 1073 Divum,
709 1031 899 1075 prolesque
913 1032 1027 1065 Virilis

196 1084 311 1118 Nulla
328 1084 401 1117 fuit
418 1097 426 1125 ;
454 1084 643 1128 primaque
663 1085 779 1117 oriens
799 1087 922 1127 erepta
938 1085 1093 1128 juventa
1113 1087 1167 1119 est
1188 1098 1195 1119 τ

196 1137 279 1171 Sola
298 1137 446 1170 domum
466 1138 503 1169 et
520 1139 643 1170 tantas
662 1137 828 1170 servabat
847 1137 921 1170 filia
940 1137 1053 1179 sedes,

196 1190 222 1223 J
224 1201 282 1223 am
301 1192 445 1223 matura
465 1189 554 1232 viro,
572 1190 650 1233 jam
668 1190 784 1233 plenis
803 1190 938 1223 nubilis
957 1189 1072 1225 annis,

195 1242 310 1276 Multi
323 1243 423 1276 illam
442 1253 573 1286 magno
588 1254 606 1275 e
626 1242 730 1276 Latio
748 1245 901 1286 totaque
918 1243 1093 1287 petebant

195 1295 361 1329 Ausonia
381 1308 387 1329 :
416 1296 509 1338 petit
528 1297 612 1328 ante
632 1295 721 1328 alios
739 1295 1002 1339 pulcherrimus
1021 1307 1145 1329 omnes

197 1348 353 1391 Turnus,
376 1348 453 1381 avis
472 1348 659 1392 atavisque
674 1351 824 1391 potens:
854 1360 963 1392 quem
982 1349 1078 1392 regia
1098 1348 1234 1393 conjux

198 1401 363 1444 Adjungi
381 1412 555 1444 generum
575 1401 665 1433 miro
684 1401 900 1444 properabat
919 1413 1039 1435 amore
1058 1415 1065 1443 3

198 1453 268 1487 Sed
287 1454 396 1487 variis
415 1455 583 1497 portenta
601 1453 722 1486 Deum
740 1454 938 1487 terroribus
957 1454 1115 1488 obstant.

197 1506 338 1540 Laurus
357 1509 435 1539 erat
453 1506 541 1539 tecti
554 1505 687 1549 medio,
709 1506 747 1539 in
766 1507 1011 1550 penetralibus
1030 1507 1126 1549 altis,

198 1558 304 1592 Sacra
323 1570 475 1601 comam,
497 1558 706 1602 multosque
726 1562 827 1592 metu
847 1562 988 1593 servata
1007 1571 1071 1603 per
1085 1571 1199 1593 annos
1219 1572 1246 1601 ς,

198 1610 317 1652 Quam
336 1615 439 1655 pater
456 1612 658 1655 inventam,
679 1612 814 1655 primas
835 1624 949 1656 quum
969 1613 1140 1646 conderet
1159 1623 1268 1656 arces,

198 1664 281 1708 Ipse
300 1665 485 1697 ferebatur
503 1664 644 1697 Phoebo
664 1667 819 1698 sacrasse
838 1665 990 1698 Latinus
1011 1679 1018 1706 3

197 1717 462 1760 Laurentisque
481 1717 526 1750 ab
547 1719 589 1750 ea
606 1729 739 1750 nomen
758 1718 919 1761 posuisse
935 1718 1079 1752 colonis.

197 1769 323 1812 Hujus
342 1781 425 1812 apes
445 1781 628 1802 summum
647 1770 768 1803 densae
789 1770 967 1814 (mirabile
987 1770 1088 1804 dictu
1107 1770 1153 1814 !),

198 1822 359 1855 Stridore
378 1822 519 1865 ingenti
538 1822 720 1865 liquidum
737 1825 840 1855 trans
859 1823 996 1856 aethera
1014 1826 1140 1865 vectae,

198 1874 378 1908 Obsedere
398 1874 536 1917 apicem
553 1888 561 1915 ;
591 1876 639 1916 et,
661 1875 814 1918 pedibus
833 1887 897 1919 per
915 1878 1046 1909 mutua
1063 1875 1179 1917 nexis,

198 1926 362 1960 Examen
383 1927 546 1960 subitum
564 1938 665 1960 ramo
684 1927 878 1961 frondente
897 1928 1080 1971 pependit.

197 1979 380 2013 Continuo
398 1982 500 2012 vates
518 1991 525 2012 :
557 1981 582 1997 “
598 1979 802 2013 Externum
821 1981 1040 2024 cernimus,''
1060 1980 1193 2023 inquit,

200 2033 226 2050 “
238 2032 449 2065 Adventare
468 2032 600 2075 virum,
622 2035 659 2065 et
676 2035 797 2076 partes
816 2035 938 2076 petere
957 2045 1085 2077 agmen
1104 2033 1249 2066 easdem

197 2084 369 2118 Partibus
388 2096 434 2118 ex
452 2084 580 2127 isdem,
602 2087 639 2118 et
659 2087 799 2119 summa
813 2085 1032 2119 dominarier
1050 2084 1168 2120 arce.''

197 2137 381 2171 Praeterea
399 2138 506 2171 castis
525 2137 648 2171 adolet
666 2138 903 2183 dum-altaria
920 2138 1040 2182 taedis,

197 2189 247 2222 Et
261 2189 374 2233 juxta
392 2190 594 2234 genitorem
613 2190 736 2224 adstat
755 2190 907 2225 Lavinia
926 2191 1039 2235 virgo,

197 2241 288 2276 Visa
308 2242 437 2287 (nefas)
456 2243 574 2286 longis
593 2243 848 2286 comprendere
869 2244 1028 2277 crinibus
1047 2243 1180 2287 ignem,

197 2294 322 2338 Atque
341 2306 487 2328 omnem
502 2298 672 2329 ornatum
691 2296 838 2330 flamma
857 2297 1056 2340 crepitante
1076 2298 1239 2337 cremam,

198 2346 426 2392 Regalesque
446 2359 593 2382 accensa
612 2360 743 2393 comas,
765 2360 915 2383 accensa
933 2360 1102 2384 coronam

1315 91 1392 130 117

1370 503 1398 522 40

1374 1030 1402 1049 50

1377 1293 1403 1313 ⁵⁵

1379 1556 1406 1575 ⁶0

1381 1820 1408 1840 05

1382 2082 1410 2105 70

1381 2344 1409 2365 '5
