1528 2569
374 468 432 524 P.
455 470 458 473 ’
478 469 783 523 VIRGILII
837 468 1080 523 MARON
1093 468 1152 520 IS

264 622 643 670 GEORGIOON
700 624 872 670 LIBRI
932 623 1250 679 QUATUOR

332 773 411 811 AD
442 773 486 812 C.
518 773 773 812 CILNIUM
801 772 1188 810 MAECENATEM.

563 1054 719 1089 LIBER
746 1055 953 1091 PRIMUS.

235 1141 336 1183 QUID
354 1143 463 1177 faciat
482 1143 584 1177 laetas
604 1146 741 1188 segetes
759 1157 766 1186 3
796 1156 868 1188 quo
887 1144 1003 1177 sidere
1022 1146 1158 1178 terram

182 1193 347 1236 Vertere,
369 1196 562 1239 Maecenas,
584 1197 765 1240 ulmisque
784 1197 981 1240 adjungere
1001 1197 1109 1241 vites,

182 1246 383 1282 Conveniat
400 1262 408 1290 ;
438 1260 519 1292 quae
539 1260 624 1282 eura
642 1249 765 1292 boum,
788 1250 851 1293 qui
871 1250 990 1283 cultus
1009 1249 1178 1283 habendo

183 1299 239 1334 Sit
257 1301 377 1344 pecori
392 1314 401 1342 3
430 1301 557 1344 apibus
576 1304 715 1345 quanta
733 1302 955 1346 experientia
972 1302 1111 1346 parcis3

179 1353 279 1386 Hinc
297 1364 422 1386 canere
441 1351 621 1395 incipiam.
681 1351 770 1394 Vos,
792 1363 813 1384 o
833 1352 1029 1387 clarissima
1048 1355 1178 1388 mundi

179 1406 347 1448 Lumina,
369 1405 553 1438 labentem
572 1404 663 1437 coelo
683 1415 765 1447 quae
785 1404 918 1438 ducitis
937 1417 1087 1450 annum,

178 1459 287 1492 Liber
305 1461 342 1492 et
361 1458 456 1491 alma
475 1457 580 1490 Ceres
591 1470 600 1498 3
629 1460 749 1490 vestro
768 1457 798 1490 si
817 1469 966 1492 munere
986 1459 1096 1493 tellus

178 1511 376 1545 Chaoniam
394 1510 520 1554 pingui
538 1509 707 1553 glandem
726 1511 884 1543 mutavit
904 1511 1028 1555 arista,

178 1565 386 1608 Poculaque
405 1564 564 1597 inventis
583 1563 756 1596 Acheloia
774 1563 920 1597 miscuit
939 1565 1020 1598 uvis
1037 1578 1046 1607 ;

177 1618 227 1651 Et
246 1629 322 1661 vos,
343 1617 525 1660 agrestum
544 1616 738 1659 praesentia
757 1616 920 1660 numina,
942 1618 1073 1662 Fauni,

176 1671 285 1705 Ferte
304 1670 412 1703 simul
430 1670 620 1713 Faunique
639 1669 781 1712 pedem,
803 1669 1040 1714 Dryadesque
1059 1673 1189 1716 puellae
1207 1685 1214 1707 τ

176 1723 332 1757 Munera
350 1725 471 1756 vestra
489 1733 587 1756 cano.
648 1722 776 1766 Tuque
795 1733 828 1765 ο,
852 1723 909 1756 cui
928 1724 1044 1767 prima
1063 1726 1280 1760 frementem

176 1777 290 1810 Fudit
310 1787 446 1820 equum
464 1787 595 1818 magno
614 1775 724 1808 tellus
742 1787 910 1818 pereussa
927 1776 1092 1820 tridenti,

176 1829 352 1873 Neptune
364 1842 372 1870 ;
400 1831 437 1862 et
457 1829 575 1862 cultor
593 1839 796 1870 nemorum,
820 1829 878 1861 cui
896 1829 1046 1873 pinguia
1067 1831 1148 1865 Ceae

177 1883 246 1916 Ter
265 1885 411 1915 centum
430 1881 529 1914 nivei
547 1881 704 1914 tondent
725 1881 876 1914 dumeta
890 1882 1042 1925 juvenci
1058 1896 1067 1925 3

175 1936 260 1980 Ipse
277 1946 405 1968 nemus
423 1935 592 1978 linquens
611 1934 783 1977 patrium,
807 1935 991 1979 saltusque
1011 1936 1145 1981 Lycaei,

175 1988 255 2022 Pan
275 1988 398 2022 ovium
417 1990 550 2029 custos,
571 1989 637 2020 tua
656 1987 686 2020 si
704 1987 773 2020 tibi
792 1987 953 2022 Maenala
971 2000 1078 2033 curae,

175 2041 296 2084 Adsis,
319 2052 340 2074 o
359 2040 518 2084 Tegeaee,
540 2040 667 2073 favens
679 2052 688 2081 ;
717 2040 878 2084 oleaeque
893 2041 1068 2084 *Minerva

175 2094 369 2128 Inventrix
379 2107 387 2135 ;
415 2093 573 2136 uncique
591 2104 681 2136 puer
699 2096 921 2127 monstrator
939 2095 1050 2128 aratri
1060 2108 1069 2137 ;

175 2147 224 2181 Et
241 2150 404 2181 teneram
423 2146 468 2179 ab
483 2145 604 2179 radice
623 2145 754 2188 ferens,
778 2145 947 2190 Sylvane,
971 2159 1200 2191 cupressum3

173 2200 294 2244 Dique
314 2200 473 2243 Deaeque
494 2210 630 2241 omneS‚
653 2199 815 2232 studium
836 2199 968 2242 quibus
986 2212 1073 2235 arva
1091 2202 1199 2246 tueri,

174 2253 319 2297 Quique
337 2263 450 2286 novas
469 2251 566 2285 alitis
585 2263 658 2284 non
679 2251 756 2284 ullo
776 2252 912 2285 semine
931 2253 1065 2297 fruges,

1363 1618 1389 1638 1⁰

1367 1868 1392 1888 15

1361 2147 1389 2168 20

174 2306 319 2350 Quique
339 2305 425 2339 satis
445 2305 588 2348 largum
608 2304 698 2337 coelo
713 2304 907 2338 demittitis
927 2306 1088 2341 imbrem.

173 2359 301 2404 Tuque
320 2358 423 2402 adeo,
441 2369 550 2402 quem
568 2368 655 2391 mox
673 2368 755 2401 quae
774 2358 848 2391 sint
867 2358 1038 2393 habitura
1056 2360 1218 2395 Deorum
