1559 2584
92 65 172 103 112

559 74 742 103 VIRGILII
771 74 924 103 AENEIS.

195 160 284 195 Non
302 163 426 195 tamen
445 171 551 194 omne
569 161 707 195 malum
726 161 878 204 miseris,
900 171 967 195 nec
985 160 1154 196 funditus
1174 173 1297 198 omnes

195 214 384 258 Corporeae
404 214 586 248 excedunt
605 216 724 258 pestes
741 227 749 255 ;
777 214 997 258 penitusque
1017 226 1160 250 necesse
1180 220 1235 250 est

195 267 320 301 Multa
339 267 403 300 diu
423 269 590 300 concreta
609 267 726 300 modis
745 267 940 300 inolescere
958 267 1068 302 miris.

195 320 291 363 Ergo
311 322 527 353 exercentur
544 319 673 364 poenis,
695 322 935 363 veterumque
954 320 1133 355 malorum

197 372 381 416 Supplicia
399 372 611 416 expendunt
628 385 634 406 :
664 372 744 406 aliae
763 372 976 416 panduntur
993 373 1120 407 inanes

198 425 389 469 Suspensae
408 425 455 458 ad
478 428 624 467 ventos3
653 425 733 458 aliis
752 425 819 458 sub
834 425 977 469 gurgite
995 429 1100 460 vasto

197 478 383 511 Infectum
401 478 538 511 eluitur
556 478 682 521 scelus,
705 480 769 511 aut
788 478 955 512 exuritur
972 478 1056 522 igni.

197 530 359 574 Quisque
379 542 462 564 suos
480 530 640 574 patimur
660 531 798 564 Manes.
858 530 1002 564 Exinde
1020 542 1085 576 per
1102 532 1263 575 amplum

198 583 366 617 Mittitur
385 583 564 627 Elysium,
587 586 624 617 et
643 584 749 628 pauci
768 583 853 617 laeta
871 595 958 618 arva
976 586 1144 618 tenemus
1164 597 1171 619 :

196 635 321 670 Donec
339 636 446 680 longa
465 636 554 680 dies,
576 637 736 680 perfecto
754 636 928 680 temporis
947 636 1044 680 orbe,

197 688 411 722 Concretam
430 689 567 723 exemit
584 689 715 732 labem,
737 701 942 733 purumque
960 689 1109 734 reliquit

196 741 414 775 AEthereum
433 753 592 785 sensum,
613 745 724 786 atque
742 747 843 776 aurai
861 742 1032 786 simplicis
1050 743 1180 787 ignem.

202 793 282 828 Has
301 806 438 838 omnes,
460 795 525 828 ubi
538 795 637 828 mille
655 798 774 829 rotam
792 795 937 829 volvere
956 807 1021 839 per
1038 808 1164 838 annos,

200 847 393 881 Lethaeum
412 848 457 882 ad
477 848 629 881 fiuvium
649 848 749 882 Deus
768 851 895 882 evocat
915 848 1057 892 agmine
1076 860 1207 893 magno
1225 861 1234 891 3

198 900 342 934 Scilicet
359 901 586 934 immemores
604 913 733 945 supera
750 903 793 934 ut
812 912 975 935 convexa
992 902 1164 946 revisant,

200 952 342 987 Rursus
362 956 398 987 et
416 954 593 998 incipiant
611 953 648 987 in
669 965 818 998 corpora
836 954 929 987 velle
948 955 1091 988 reverti.
1102 954 1121 970 ⁷²

199 1005 353 1040 Dixerat
374 1006 551 1040 Anchises
571 1020 578 1047 ;
608 1009 819 1050 natumque,
844 1018 991 1050 unaque
1012 1007 1201 1051 Sibyllam,

200 1059 411 1093 Conventus
430 1057 546 1093 trahit
565 1059 601 1092 111
622 1059 759 1093 medios
778 1059 996 1103 turbamque
1012 1063 1202 1094 sonantem
1222 1073 1231 1102 ;

199 1111 248 1145 Et
267 1112 453 1145 tumulum
473 1112 580 1156 capit,
603 1112 700 1146 unde
720 1123 844 1146 omnes
864 1112 972 1156 longo
992 1112 1118 1146 ordine
1136 1113 1249 1157 possit

199 1164 382 1198 Adversos
400 1165 529 1208 legere,
552 1167 589 1198 et
610 1165 821 1198 venientum
841 1165 977 1199 discere
996 1165 1130 1199 vultus.

203 1217 355 1251 “Nunc
375 1230 451 1261 age,
474 1217 698 1251 Dardaniam
717 1218 855 1262 prolem
875 1229 958 1262 quae
977 1217 1109 1252 deinde
1129 1220 1304 1262 sequatur

201 1270 334 1313 Gloria,
361 1271 424 1315 qui
444 1273 615 1305 maneant
637 1270 732 1305 Itala
750 1270 795 1304 de
814 1274 922 1315 gente
941 1274 1104 1315 nepotes,

201 1323 368 1357 Illustres
388 1324 536 1367 animas,
561 1327 800 1368 nostrumque
819 1324 857 1357 in
877 1335 1010 1357 nomen
1029 1324 1158 1369 itiuas,

201 1376 405 1420 Expediam
424 1376 543 1419 dictis,
566 1379 603 1410 et
622 1380 659 1411 te
678 1379 743 1410 tua
761 1377 838 1411 fata
858 1377 992 1411 docebo
1012 1390 1074 1411 :—

200 1429 279 1472 Ille,
306 1429 422 1474 (vides
434 1429 475 1474 2),
500 1432 591 1474 pura
606 1430 754 1474 juvenis
775 1430 838 1474 qui
856 1430 989 1463 nititur
1008 1431 1125 1473 hasta,

199 1481 373 1516 Proxima
391 1485 486 1515 sorte
506 1486 609 1516 tenet
627 1482 716 1516 111015
734 1483 813 1516 loca
830 1496 836 1517 :
865 1483 1003 1526 primus
1022 1484 1067 1517 ad
1087 1494 1193 1517 auras

199 1534 394 1568 AEthereas
414 1535 509 1568 Italo
530 1536 748 1569 commixtus
767 1535 940 1579 sanguine
961 1538 1084 1580 surget

202 1588 360 1632 Sylvius,
383 1588 569 1621 Albanum
589 1600 736 1632 nomen,
759 1591 824 1622 tua
843 1591 1012 1632 postuma
1031 1589 1150 1632 proles
1171 1600 1178 1624 :

201 1640 318 1681 Quem
336 1641 407 1674 tibi
424 1641 590 1685 longaevo
610 1653 729 1675 serum
750 1641 900 1675 Lavinia
920 1641 1054 1685 conjux

202 1693 346 1727 Educet
367 1694 478 1737 sylvis
499 1706 631 1738 regem,
654 1706 852 1738 regumque
872 1697 1061 1738 parentem
1080 1706 1086 1728 :

200 1745 309 1780 Unde
327 1758 441 1790 genus
460 1747 587 1790 Longa
606 1750 770 1780 nostrum
791 1747 1041 1780 dominabitur
1059 1746 1164 1781 Alba.

199 1799 395 1833 Proximus
414 1800 477 1833 ille
497 1799 641 1843 Procas,
665 1799 832 1844 Trojanae
850 1799 964 1844 gloria
983 1800 1115 1844 gentis,

199 1851 248 1885 Et
269 1852 398 1896 Capys,
422 1855 458 1886 et
478 1852 665 1896 Numitor,
689 1855 737 1896 et,
761 1853 825 1896 qui
844 1855 881 1886 te
900 1853 1046 1886 nomine
1066 1853 1208 1894 reddet,

200 1904 346 1949 Sylvius
367 1905 524 1947 AEneas3
553 1905 687 1949 pariter
706 1906 842 1950 pietate
862 1906 920 1939 vel
939 1906 1048 1940 armis

198 1956 385 2002 Egregius,
409 1958 439 1991 si
458 1970 621 2002 unquam
640 1958 863 2002 regendam
882 1958 1059 2002 acceperit
1079 1958 1220 1993 Albam.

200 2010 272 2051 Qui
286 2011 442 2055 juvenes
462 2014 618 2056 quantas
638 2014 836 2054 ostentant,
862 2011 992 2055 aspice,
1015 2011 1110 2046 vires
1127 2013 1133 2046 !

198 2064 323 2108 Atque
342 2065 511 2098 umbrata
529 2067 660 2108 gerunt
680 2064 778 2098 civili
795 2067 962 2112 tempora
982 2076 1116 2108 quercu
1137 2077 1144 2098 ε

199 2116 251 2150 Hi
271 2117 340 2151 tibi
359 2117 599 2161 Nomentum,
622 2120 659 2151 et
680 2117 826 2160 Gabios,
849 2117 1050 2162 urbemque
1070 2117 1268 2158 Fidenam3

199 2168 252 2203 Hi
272 2169 469 2204 Collatinas
488 2170 678 2214 imponent
697 2171 883 2204 montibus
903 2182 1002 2204 arces

197 2221 323 2256 Laude
342 2222 528 2267 pudicitiae
548 2224 716 2267 celebres,
738 2224 948 2267 addentque
968 2223 1140 2268 superbos

197 2274 393 2319 Pometios,
419 2276 660 2321 Castrumque
680 2277 778 2320 Inui,
801 2276 1012 2320 Bolamque,
1033 2275 1246 2321 Coramque.

198 2326 290 2363 Haec
308 2332 389 2365 tum
408 2329 557 2364 nomina
576 2333 696 2374 erunt,
719 2341 818 2364 nunc
836 2332 923 2364 sunt
943 2329 1019 2362 sine
1039 2329 1186 2363 nomine
1206 2332 1324 2364 terrie.

1361 372 1404 397 740

1368 635 1408 659 745

1368 899 1410 925 160

1372 1427 1412 1451 700

1372 1691 1413 1715 7θῦ

1373 1956 1414 1980 770

1372 2221 1413 2245 775
