1528 2569
639 113 813 142 ECLOGA
841 113 900 141 VI.

108 204 204 239 Huic
222 202 321 237 aliud
339 201 513 236 mercedis
531 201 610 236 erit.
657 202 774 235 Simul
793 201 922 245 incipit
940 200 1027 244 ipse.

158 257 251 290 Tum
268 267 353 289 vero
377 255 417 289 in
438 266 631 288 numeium
650 255 868 298 Faunosque
888 254 1054 297 ferasque
1072 251 1213 287 videres

106 309 259 351 Ludere,
280 310 362 341 tum
380 307 512 351 rigidas
531 310 670 341 motare
690 307 880 341 cacumina
899 317 1063 350 quer.cus

107 363 187 396 Nec
204 364 350 395 tantum
370 360 510 393 Phoebo
528 360 663 404 gaudet
682 360 779 393 Parn
782 360 873 393 ¹tssia
891 370 1020 402 rupes;

107 415 187 449 Nec
204 416 350 448 tantum
369 413 546 456 Rhodope
564 413 744 446 mirantur
763 415 799 446 et
819 412 976 445 Ismarus
996 410 1149 454 Orphea.

107 468 277 511 Namque
297 466 460 509 canebat,
482 466 540 499 uti
558 477 730 509 magnum
749 477 812 509 per
830 465 938 498 inane
958 466 1083 497 coacta

108 520 253 554 Semina
270 522 530 562 terrarumque,
555 519 770 562 animaeque,
792 517 986 561 marisque,
1009 516 1179 559 fuissent,

107 574 157 607 Et
174 572 306 616 liquidi
325 571 434 604 simul
452 571 547 614 ignis
567 584 574 612 ;
602 574 646 604 ut
664 571 720 604 his
740 570 888 604 exordia
907 570 1032 613 primis

109 625 252 668 Omnia,
274 627 311 657 et
329 625 404 668 ipse
423 626 526 657 tener
543 623 673 656 mundi
692 623 914 656 concreverit
933 623 1029 655 orbis
1050 634 1057 657 :

109 679 202 711 Tum
220 677 349 710 durare
369 676 497 718 solum,
520 678 557 708 et
576 676 778 708 discludere
799 675 919 708 Nerea
937 677 1050 718 ponto

109 730 279 774 Coeperit,
298 732 334 762 et
353 740 473 762 rerum
492 728 682 771 paullatim
701 739 842 761 sumere
861 728 995 761 formas
1017 739 1024 759 τ

108 783 268 826 Jamque
287 793 425 815 novum
443 783 550 814 terrae
570 783 741 824 stupeant
761 781 940 814 lucescere
961 780 1086 823 solem,

108 836 231 870 Altius
249 837 359 878 atque
379 833 510 867 cadant
530 833 707 866 submotis
725 833 886 866 nubibus
904 833 1038 866 imbres
1054 844 1064 873 ;

109 889 293 932 Incipiant
312 887 412 920 silvae
431 897 546 930 quum
564 886 722 930 primum
737 897 892 929 surgere,
917 895 1104 929 quumque

109 942 207 975 Rara
224 952 287 984 per
305 940 447 983 ignotos
466 941 586 972 errent
604 939 774 972 animalia
793 941 944 972 montes.

109 994 208 1027 Hinc
225 993 362 1036 lapides
382 992 532 1036 Pyrrhae
548 992 679 1035 jactos,
703 991 874 1025 Saturnia
893 1002 1014 1034 regna,

110 1047 379 1089 Caucaseasque
398 1045 508 1078 refert
527 1045 701 1087 volucres,
725 1045 938 1087 furtumque
959 1041 1178 1078 Prometth

110 1100 181 1133 His
199 1098 379 1142 adjungit,
402 1097 528 1141 Hylan
547 1100 670 1131 nautae
690 1109 762 1141 quo
781 1098 882 1130 fonte
901 1097 1069 1130 relictum

110 1152 346 1193 Clamassent,
368 1152 410 1183 ut
429 1150 545 1193 littus,
568 1150 682 1194 Hyla,
705 1150 818 1193 Hyla,
842 1161 948 1183 omne
969 1151 1140 1190 sonaret;

110 1205 159 1238 Et
178 1205 415 1246 fortunatam,
438 1203 468 1236 si
485 1214 674 1246 nunquam
693 1205 856 1236 armenta
878 1202 1046 1245 fuissent,

111 1257 315 1301 Pasiphaen
334 1256 432 1289 nivei
451 1256 588 1289 solatur
606 1267 726 1289 amore
742 1255 900 1299 juvenci.

111 1311 184 1353 Ah,
206 1310 306 1353 virgo
326 1309 465 1351 infelix,
489 1320 570 1351 quae
591 1310 628 1341 te
648 1308 832 1342 dementia
852 1307 946 1352 cepit
964 1308 976 1342 2

112 1362 293 1396 Proetides
311 1361 510 1405 implerunt
529 1361 629 1394 falsis
647 1361 847 1404 mugitibus
868 1372 970 1403 agros
991 1373 998 1395 ε

111 1416 164 1450 At
183 1427 258 1448 non
276 1417 353 1448 tam
371 1417 496 1457 turpes
514 1414 695 1457 pecudum
714 1416 837 1446 tamen
857 1413 933 1446 ulla
952 1414 1077 1446 secuta
1096 1413 1153 1447 est

113 1468 348 1510 Concubitus,
371 1467 536 1511 quamvis
556 1466 646 1500 collo
664 1466 848 1499 timuisset
874 1469 1047 1509 aratrum,

112 1522 162 1555 Et
180 1532 273 1564 saepe
292 1521 330 1553 in
349 1519 421 1553 levi
440 1521 628 1563 quaesisset
647 1530 780 1552 cornua
798 1519 928 1553 fronte.

114 1574 184 1618 Ah,
206 1574 307 1617 virgo
325 1573 466 1615 infelix,
489 1575 533 1606 tu
551 1583 649 1605 nunc
667 1572 706 1605 in
725 1572 911 1605 montibus
931 1583 1026 1605 erras
1046 1583 1054 1605 :

113 1628 193 1670 Ille,
215 1627 312 1660 latus
326 1626 474 1659 m'veum
492 1625 594 1658 molli
612 1625 730 1658 fultus
748 1625 960 1668 hyacintho,

113 1680 201 1714 llice
220 1679 287 1713 sub
306 1679 410 1722 nigra
428 1678 605 1722 pallentes
622 1678 783 1720 ruminat
802 1677 931 1711 herbas
947 1691 956 1719 ;
995 1699 997 1702 ι

114 1733 191 1766 Aut
209 1733 369 1776 aliquam
387 1731 426 1764 in
444 1742 575 1774 magno
590 1731 754 1774 sequitur
772 1742 886 1774 grege.
947 1729 1128 1772 Claudite,
1151 1728 1349 1773 Nymphae,

113 1785 263 1820 Dietaeae
284 1784 480 1828 Nymphae,
503 1795 693 1817 nemorum
708 1784 785 1827 jam
805 1783 963 1817 claudite
992 1783 1107 1816 saltus
1127 1794 1135 1824 ;

115 1838 154 1872 Si
173 1850 245 1882 qua
263 1838 358 1871 forte
376 1837 496 1870 ferant
516 1836 628 1870 oculis
648 1848 723 1870 sese
744 1836 850 1870 obvia
869 1836 1003 1870 nostris

114 1890 330 1925 Errabunda
347 1889 451 1923 bovis
469 1889 622 1932 vestigia
639 1902 645 1923 :
674 1889 827 1923 forsitan
846 1889 951 1922 illum

115 1944 193 1978 Aut
210 1943 323 1977 herba
341 1944 488 1985 captum
506 1942 625 1985 viridi,
648 1944 712 1975 aut
732 1944 896 1975 armenta
916 1944 1094 1985 secutum,

115 1995 325 2031 Perducant
343 1995 474 2038 aliquae
494 1995 638 2028 stabula
657 1995 703 2028 ad
723 1994 903 2039 Gortynia
922 2006 1048 2028 vaccae.

115 2049 209 2083 Tum
228 2049 324 2082 canit
344 2048 589 2091 Hesperidum
607 2047 776 2081 miratam
796 2048 891 2080 mala
909 2047 1068 2091 puellam
1086 2059 1096 2083 Ζ

116 2103 209 2136 Tum
228 2100 539 2134 Phaethontiadas
558 2111 681 2133 musco
702 2100 902 2133 circumdat
921 2111 1053 2133 amarae

117 2155 281 2197 Corticis,
303 2156 414 2197 atque
433 2153 508 2186 solo
528 2164 692 2196 proceras
712 2153 818 2195 erigit
837 2153 948 2186 alnos,

117 2208 210 2241 'I‘um
229 2207 339 2249 canit,
362 2208 543 2239 errantem
562 2205 743 2239 Permessi
771 2205 817 2238 ad
836 2205 988 2238 fiumina
1007 2203 1156 2238 Gallum

116 2261 240 2295 Aonas
258 2259 297 2292 in
315 2261 456 2292 montes
475 2260 518 2292 ut
536 2258 683 2291 duxerit
703 2271 776 2293 una
795 2269 957 2291 sororum
977 2270 985 2299 ;

123 2313 243 2356 thue
263 2312 340 2345 viro
360 2311 492 2344 Phoebi
511 2311 640 2344 chorus
661 2311 898 2346 assurrexerit
917 2310 1034 2344 omnis
1051 2323 1060 2352 ;

119 2365 173 2400 Ut
191 2365 306 2399 Linus
324 2364 402 2398 haec
420 2363 486 2409 iffi,
508 2363 634 2398 divino
656 2366 812 2400 carmine
831 2366 967 2408 pastor,

1369 102 1420 139 13

1397 933 1424 954 ⁴0

1400 1725 1428 1745 55

1405 2250 1433 2272 ab
