1559 2584
82 103 135 144 80

559 115 629 145 vm
636 116 744 145 GILII
773 113 929 145 AENmS.

189 202 347 248 Seraque
365 203 514 237 terrifici
533 203 742 237 cecinerunt
760 204 882 238 omina
901 205 1012 239 vates.

188 256 360 300 Namque
379 257 507 290 vola-us
525 256 675 301 liquidis
693 257 733 290 in
751 257 911 290 nubibus
930 256 1018 290 arsit
1036 254 1189 302 arundo,

190 309 428 354 Signavitque
446 309 544 343 viam
562 309 730 353 flammis,
750 312 952 353 tenuesque
970 310 1117 344 recessit

189 362 414 406 Consumpta
432 362 470 396 111
491 365 620 397 ventos
638 375 645 398 :
674 362 766 397 coelo
785 374 851 396 ceu
869 374 964 406 saepe
982 363 1096 397 refixa

189 415 469 459 Transcurrunt,
491 415 700 459 crinemque
715 416 876 449 volantia
895 415 1013 450 sidera
1030 416 1182 452 ducunt.

193 467 374 502 Attonitis
393 467 528 502 haesere
548 468 679 502 animis
699 480 920 514 superosque
939 469 1076 512 precati

189 521 365 555 Trinacrii
383 521 583 566 Teucrique
603 521 672 555 viri
689 534 696 556 :
724 533 792 555 nec
810 522 991 555 maximus
1010 533 1116 556 omen

190 574 334 608 Abnuit
354 574 512 617 AEneas3
541 574 604 608 sed
622 575 751 608 laetum
769 575 960 619 amplexus
978 576 1136 609 Acesten

191 627 410 661 Muneribus
429 628 592 661 cumulat
610 628 764 672 magnis,
786 639 827 662 ac
846 628 934 662 talia
952 628 1071 663 fatur:

194 682 221 698 “
237 680 358 724 Sume,
380 683 504 725 pater3
532 692 618 714 nam
636 684 674 715 te
692 681 810 715 voluit
828 693 893 715 rex
912 693 1066 725 magnus
1085 680 1233 726 Olympi

191 734 340 767 Talibus
358 733 527 778 auspiciis
545 737 727 768 exsortem
747 734 878 768 ducere
895 734 1059 768 honores.

192 786 313 830 Ipsius
332 787 503 821 Anchisae
521 787 677 831 longaevi
695 787 764 821 hoc
782 799 916 821 munus
934 787 1085 821 habebis
1101 800 1110 829 ;

194 840 342 874 Cratera
360 840 575 884 impressum
594 840 716 884 siguis,
739 852 848 885 quem
867 841 1040 874 Thracius
1059 840 1146 875 olim

192 893 364 927 Anchisae
383 893 538 937 genitori
555 894 594 927 in
613 905 745 937 magno
764 905 913 927 munere
933 893 1074 928 Cisseus

193 945 303 980 Ferre
323 946 381 980 sui
400 946 550 980 dederat
569 949 849 980 monumentum
868 950 905 981 et
924 946 1054 991 pignus
1073 946 1243 981 amoris.”

195 999 254 1033 Sic
272 999 381 1042 fatus,
407 999 518 1043 cingit
538 999 713 1034 viridanti
730 1003 895 1044 tempora
913 1000 1028 1044 lauro,

194 1051 245 1086 Et
263 1052 420 1096 primum
441 1055 526 1086 ante
546 1064 670 1086 omnes
689 1052 864 1086 victorem
882 1053 1041 1097 appellat
1060 1053 1237 1087 Acesten:

195 1104 275 1138 Nec
294 1105 411 1138 bonus
430 1105 611 1149 Eurytion
629 1106 782 1149 praelato
800 1105 934 1139 invidit
953 1105 1093 1149 honori,

196 1158 371 1199 Quamvis
391 1158 488 1191 solus
507 1170 611 1192 avem
631 1159 721 1192 coelo
741 1158 873 1202 dejecit
892 1159 938 1192 ab
957 1159 1041 1192 alto.

196 1211 393 1244 Proximus
412 1211 615 1255 ingreditur
634 1211 750 1254 donis,
775 1212 838 1255 qui
857 1212 1002 1245 vincula
1022 1212 1141 1255 rupit3

197 1264 407 1307 Extremus,
430 1265 570 1298 volucri
589 1265 653 1309 qui
671 1265 753 1298 fixit
773 1264 951 1298 arundine
970 1265 1118 1298 malum.

250 1318 302 1350 At
317 1320 420 1361 pater
440 1318 588 1361 AEueas,
611 1318 776 1351 nondum
796 1317 991 1352 certamine
1010 1318 1131 1361 misso,

197 1370 395 1404 Custodem
415 1371 462 1404 ad
481 1383 557 1404 sese
577 1371 819 1415 comitemque
838 1371 997 1415 impubis
1016 1371 1091 1405 Iuli

197 1423 384 1468 Epytiden
404 1426 522 1467 vocat,
544 1427 581 1457 et
601 1424 711 1457 fidam
731 1424 781 1458 sic
800 1424 900 1458 fatur
918 1424 964 1458 ad
984 1435 1128 1458 aurem:

200 1479 226 1495 ‘⁶
243 1477 347 1510 Vade
368 1488 452 1520 age3
481 1480 519 1510 et
538 1477 707 1520 Ascanio,
731 1477 761 1510 si
775 1477 853 1521 jam
872 1477 1011 1521 puerile
1030 1479 1197 1521 paratum

196 1530 341 1573 Agmen
360 1529 471 1563 habet
490 1542 623 1573 secum,
646 1541 843 1573 cursusque
862 1530 1039 1564 instruxit
1058 1540 1247 1574 equorum,

196 1583 319 1618 Ducat
338 1594 406 1616 avo
426 1585 578 1626 turmas,
601 1585 638 1616 ct
658 1594 735 1616 sese
754 1583 924 1616 ostendat
943 1583 981 1616 iu
1001 1583 1121 1626 armis,

196 1635 306 1679 Dsscss’
326 1636 387 1670 ait.
449 1636 531 1679 Ipse
551 1647 695 1669 omnem
714 1636 823 1679 longo
843 1636 1016 1670 decedere
1035 1636 1128 1669 circo

197 1688 369 1723 Infusum
390 1689 567 1733 populum
587 1692 624 1722 ct
644 1700 788 1732 campos
802 1688 911 1733 jubet
931 1701 1006 1723 esse
1026 1691 1202 1733 patentes,

198 1741 383 1776 Incedunt
403 1742 516 1785 pueri,
540 1741 746 1785 pariterque
766 1744 852 1775 ante
871 1753 934 1775 ora
952 1745 1147 1786 parentum

197 1795 377 1829 Fraenatis
396 1795 521 1828 lucent
539 1796 578 1828 111
598 1794 700 1838 equis
718 1807 725 1834 ;
755 1806 846 1838 quos
865 1794 982 1828 omnis
1001 1797 1130 1828 euntes

198 1847 392 1882 Trinacriae
411 1848 543 1881 mirata
562 1847 685 1881 fremit
704 1847 894 1892 Trojaeque
910 1848 1098 1892 juventus.

199 1901 378 1935 Omnibus
397 1901 435 1934 in
455 1912 592 1934 moreni
612 1903 720 1934 tonsa
739 1912 841 1934 coma
860 1912 982 1944 pressa
1000 1901 1148 1935 corona:

199 1954 339 1988 Cornea
357 1953 444 1988 bina
463 1954 587 1987 ferunt
606 1954 755 1997 111-10111131
773 1953 919 1987 hastilia
937 1954 1031 1987 ferro
1048 1967 1057 1994 ;

199 2007 290 2041 Pars
309 2008 407 2041 leves
426 2007 578 2040 humero
597 2006 785 2051 pharetras
804 2019 812 2048 ;
842 2007 871 2040 it
889 2011 1034 2051 pectore
1053 2016 1195 2040 summo

199 2060 349 2094 Flexilis
369 2059 506 2094 obtorti
526 2071 589 2103 per
608 2059 740 2093 collum
761 2059 915 2093 circulus
934 2059 1022 2094 auri.

201 2113 288 2147 Tres
307 2113 474 2157 equitum
493 2124 646 2146 numero
665 2116 809 2156 turmae,
832 2112 1002 2156 ternique
1021 2113 1201 2156 vagantur

200 2165 380 2200 Ductores
400 2179 407 2208 3
436 2165 540 2210 pueri
558 2166 613 2199 bis
632 2166 708 2199 seni
728 2177 910 2209 quemque
929 2165 1044 2199 secuti

201 2219 358 2263 Agmine
377 2219 513 2263 partito
533 2219 677 2263 fulgent
697 2219 916 2263 paribusque
934 2217 1124 2262 magistris,

201 2270 287 2305 Una
305 2272 399 2306 acies
414 2272 607 2316 juvemmi,
629 2272 730 2306 ducit
751 2283 861 2316 quam
879 2282 1013 2316 parvus
1032 2271 1216 2314 ovantem,

202 2324 349 2358 Nomen
369 2325 429 2358 avi
447 2325 618 2363 referens,
643 2325 821 2367 Priamus,
844 2327 909 2358 tua
928 2324 1033 2366 clara,
1057 2323 1189 2365 Polite,

203 2376 412 2422 Progenies,
435 2380 587 2412 auctura
607 2378 719 2411 Italos
739 2390 744 2412 :
775 2389 883 2421 quem
903 2376 1076 2410 Thracius
1095 2375 1186 2409 albis

1359 254 1401 276 52⁵

1359 519 1403 540 530

1363 784 1405 806 535

1365 1050 1408 1070 5⁴0

1369 1314 1411 1335 ⁵⁴5

1371 1579 1414 1599 550

1372 1843 1416 1864 5⁵5

1376 2107 1418 2128 560
