1528 2569
627 88 761 118 LIBER
790 88 851 118 111.
1321 81 1401 120 207

194 175 371 220 Occurrit,
391 175 578 221 portisque
596 176 642 211 ab
662 189 755 221 equo
774 178 900 221 regina
918 177 985 211 sub
1002 175 1091 221 ipsis

191 229 350 263 Desiluit
369 242 378 270 ;
405 240 516 273 quam
533 231 614 263 tota
631 229 758 263 cohors
776 230 920 263 imitata
937 229 1073 263 relictis
1361 228 1404 249 ⁵⁰⁰

192 282 253 315 Ad
270 285 404 315 terram
423 282 490 315 defi
497 282 578 315 uxit
597 282 700 326 equis
720 294 726 316 :
756 285 837 315 tum
855 282 944 316 talia
962 282 1062 315 fatur
1081 294 1089 316 ς

195 335 222 352 “
234 334 367 377 Turne,
389 334 446 367 sui
463 334 593 368 merito
611 334 642 367 si
660 346 732 378 qua
750 337 805 368 est
824 334 957 368 fiducia
974 334 1073 377 forti,

191 386 332 430 Audeo,
355 389 392 420 et
411 386 621 420 AEneadum
639 386 814 430 promitto
833 398 1017 420 occurrere
1036 389 1180 431 turmae,

191 438 347 483 Solaque
366 439 570 482 Tyrrhenos
588 439 729 483 equites
748 438 799 472 ire
819 439 926 472 obvia
944 442 1078 474 contra.

191 491 255 524 Me
274 492 351 525 sine
370 491 486 535 prima
504 503 616 524 manu
633 494 776 524 tentare
795 491 953 535 pericula
971 491 1058 525 belli
1078 503 1085 526 :
1359 489 1402 510 ⁶⁰⁵

191 544 246 577 Tu
264 544 373 587 pedes
392 544 438 577 ad
457 555 579 577 muros
598 544 764 586 subsiste,
787 547 824 577 et
842 544 977 577 moenia
995 555 1107 577 serva.
1115 543 1135 560 ''

191 596 336 629 Turnus
353 596 400 629 ad
420 596 508 638 haec,
531 596 653 629 oculos
672 594 849 629 horrenda
868 596 906 629 in
925 597 1064 640 virgine
1083 597 1177 630 fixus
1195 609 1202 630 ε

195 650 220 667 “
236 648 280 691 O,
302 649 412 682 decus
431 648 561 690 Italiae,
583 649 697 692 virgo,
721 660 810 692 quas
829 648 946 682 dicere
964 652 1096 692 grates,

192 700 335 742 Quasve
353 701 485 734 referre
503 712 627 744 parem
647 701 656 734 2
683 701 745 734 sed
764 712 874 743 nunc,
896 704 950 734 est
970 701 1092 735 omnia
1109 700 1256 745 quando

191 753 268 786 Iste
286 753 429 786 animus
447 765 564 796 supra,
588 764 730 786 mecum
749 753 883 796 partire
901 753 1070 787 laborem.
1360 750 1403 771 ⁶¹⁰

191 805 340 848 AEneas,
364 808 406 839 ut
424 806 521 838 fama
539 805 649 838 fidem
667 806 838 848 missique
856 808 1044 849 reportant

191 857 460 901 Exploratores,
483 857 648 901 equitum
667 858 761 891 levia
778 858 964 900 improbus
983 869 1084 891 arma

141 952 143 954 q
191 909 386 953 Praemisit,
409 912 602 954 quaterent
621 921 765 953 campos
784 922 791 943 :
820 910 909 953 ipse,
931 910 1046 943 ardua
1063 909 1199 943 montis

193 962 265 996 Per
283 963 425 996 deserta
439 962 529 1006 jugo
548 973 732 1006 superans,
754 962 930 996 adventat
948 962 995 996 ad
1013 963 1151 997 urbem.

192 1014 308 1048 Furta
325 1026 412 1059 paro
430 1015 518 1048 belli
535 1026 697 1048 convexo
714 1015 753 1048 in
771 1015 917 1048 tramite
936 1015 1060 1059 sylvae,
1361 1012 1404 1033 ⁶¹⁵

194 1067 248 1101 Ut
265 1068 381 1101 bivias
399 1070 539 1101 armato
559 1067 723 1101 obsidam
741 1067 857 1100 milite
875 1067 997 1101 fauces
1014 1080 1020 1101 :

194 1120 250 1154 Tu
268 1120 497 1164 Tyrrhenum
516 1120 677 1163 equitem
696 1119 835 1153 collatis
854 1120 978 1163 excipe
998 1120 1108 1163 signis
1129 1133 1137 1160 ;

193 1172 327 1206 Tecum
346 1184 426 1206 acer
445 1172 635 1216 Messapus
654 1172 735 1214 erit,
757 1174 960 1215 turmaeque
979 1172 1135 1215 Latinae,

193 1225 407 1269 Tiburtique
426 1235 555 1258 manus
576 1237 582 1258 :
612 1224 714 1258 ducis
733 1226 770 1257 et
788 1227 832 1258 tu
851 1224 998 1268 concipe
1018 1224 1178 1260 curam.''

195 1277 253 1311 Sic
271 1278 323 1311 ait
340 1290 349 1318 3
378 1280 414 1311 et
433 1277 579 1320 pariLus
597 1277 808 1320 Messapum
826 1277 865 1310 in
883 1277 1007 1320 praelia
1025 1277 1132 1310 dictis
1363 1275 1405 1297 ⁵²⁰

193 1330 388 1372 Hortatur,
411 1329 596 1373 sociosque
615 1329 723 1363 duces
744 1342 752 1370 ;
781 1332 818 1362 et
836 1330 954 1373 pergit
972 1330 1010 1363 in
1029 1329 1182 1364 hostem.

248 1383 315 1416 Est
334 1394 445 1416 curvo
464 1382 632 1415 anfractu
650 1382 766 1424 vallis,
788 1382 1018 1415 accommoda
1035 1382 1156 1415 fraudi

194 1435 464 1478 Armorumque
482 1434 586 1476 dolis,
609 1445 719 1477 quam
738 1434 860 1467 densis
876 1435 1067 1467 frondibus
1086 1437 1207 1468 atrum

195 1487 310 1531 Urget
328 1487 502 1530 utrinque
522 1486 618 1520 latus
635 1499 643 1527 ;
670 1486 793 1520 tenuis
811 1497 885 1530 quo
903 1487 1032 1520 semita
1050 1487 1165 1530 ducit,

194 1540 445 1583 Angustaeque
463 1539 588 1573 ferunt
606 1539 728 1572 fauces
746 1538 940 1582 aditusque
957 1539 1116 1583 maligni.
1365 1537 1407 1558 ⁵²¹⁵

196 1592 303 1626 Hanc
322 1603 441 1636 super,
462 1592 501 1625 in
520 1591 673 1635 speculis
692 1603 907 1635 summoque
925 1592 964 1624 111
984 1592 1118 1626 vertice
1137 1592 1285 1635 montis,

194 1645 371 1678 Planities
388 1644 514 1688 ignota
528 1644 638 1687 jacet,
660 1643 805 1687 tutique
824 1646 990 1687 receptus
1008 1657 1015 1678 ε

196 1697 268 1731 Seu
286 1698 417 1731 dextra
434 1694 599 1739 laevaque
617 1696 707 1729 velis
726 1707 910 1729 occurrere
929 1708 1074 1740 pugnae,

197 1750 280 1783 Sive
299 1750 434 1782 instare
448 1749 560 1792 jugis,
583 1751 619 1781 et
638 1748 788 1791 grandia
807 1748 951 1782 volvere
970 1760 1065 1783 saxa.

196 1801 282 1835 Huc
297 1801 445 1845 juvenis
462 1803 550 1834 nota
568 1801 685 1833 fertur
701 1800 846 1843 regione
866 1801 1015 1843 viarum,
1371 1799 1411 1820 ⁵³⁰

195 1854 434 1897 Arripujtque
454 1853 586 1895 locum,
609 1855 645 1885 et
664 1852 776 1896 sylvis
794 1852 929 1886 insedit
947 1853 1094 1897 iniquis,

251 1906 422 1940 Velocem
440 1905 579 1938 interea
597 1904 735 1948 superis
753 1904 792 1938 in
810 1905 956 1939 sedibus
976 1905 1098 1950 Opim,

196 1958 318 1993 Unam
337 1970 383 1992 ex
401 1957 603 2001 virginibus
621 1956 724 1990 sociis
742 1954 911 2001 sacraque
930 1959 1091 2002 caterva,

199 2011 460 2055 Compellabat,
482 2013 519 2043 et
538 2010 603 2043 has
621 2009 719 2043 tristi
737 2009 893 2043 Latonia
911 2021 1016 2044 voces

196 2063 267 2098 Ore
286 2064 416 2097 dabat:
440 2062 649 2096 “Graditur
666 2061 804 2096 bellum
821 2062 868 2096 ad
887 2062 1031 2096 crudele
1051 2061 1214 2107 Camilla,
1371 2062 1412 2083 ⁵³⁵

197 2116 229 2150 Ο
247 2116 362 2160 virgo,
384 2118 421 2149 et
439 2114 572 2149 nostris
591 2113 835 2159 nequicquam
853 2114 1012 2158 cingitur
1029 2114 1150 2158 armis,

197 2168 288 2203 Cara
307 2167 397 2202 mihi
415 2170 501 2202 ante
520 2166 608 2201 alias
628 2179 634 2202 :
664 2178 783 2211 neque
802 2167 901 2201 enim
918 2178 1037 2202 novus
1055 2167 1124 2201 iste
1143 2167 1272 2202 Diana}

196 2220 312 2255 Venit
329 2232 443 2263 amor,
465 2219 660 2263 subitaque
679 2218 842 2254 animum
861 2218 1054 2254 dulcedine
1073 2219 1200 2254 movit.

196 2272 332 2307 Pulsus
350 2273 397 2307 ob
414 2272 592 2306 invidiam
610 2282 722 2315 regno
740 2270 908 2316 viresque
927 2271 1100 2316 superbas

197 2325 374 2360 Priverno
392 2324 547 2369 antiqua
566 2323 737 2358 Metabus
757 2336 872 2368 quum
890 2324 1080 2358 excederet
1098 2323 1200 2368 urbe,
1370 2322 1413 2343 ⁵⁸⁰
