<?xml version="1.0" encoding="UTF-8"?>
<!DOCTYPE html PUBLIC "-//W3C//DTD XHTML 1.0 Transitional//EN"
    "http://www.w3.org/TR/xhtml1/DTD/xhtml1-transitional.dtd">
<html xmlns="http://www.w3.org/1999/xhtml" xml:lang="en" lang="en">
 <head>
  <title>
</title>
<meta http-equiv="Content-Type" content="text/html;charset=utf-8" />
  <meta name='ocr-system' content='tesseract 3.04.00' />
  <meta name='ocr-capabilities' content='ocr_page ocr_carea ocr_par ocr_line ocrx_word'/>
</head>
<body>
  <div class='ocr_page' id='page_1' title='image "./operavir00virguoft_0081.png"; bbox 0 0 1528 2569; ppageno 0'>
   <div class='ocr_carea' id='block_1_1' title="bbox 654 95 879 122">
    <p class='ocr_par' dir='ltr' id='par_1_1' title="bbox 654 95 879 122">
     <span class='ocr_line' id='line_1_1' title="bbox 654 95 879 122; baseline 0 0"><span class='ocrx_word' id='word_1_1' title='bbox 654 95 788 122; x_wconf 73' lang='lat' dir='ltr'>LIBER</span> <span class='ocrx_word' id='word_1_2' title='bbox 823 95 879 122; x_wconf 77' lang='lat' dir='ltr'>IV.</span> 
     </span>
    </p>
   </div>
   <div class='ocr_carea' id='block_1_2' title="bbox 221 183 1273 1923">
    <p class='ocr_par' dir='ltr' id='par_1_2' title="bbox 221 183 1273 1923">
     <span class='ocr_line' id='line_1_2' title="bbox 221 183 1209 228; baseline 0 -10"><span class='ocrx_word' id='word_1_3' title='bbox 221 183 404 227; x_wconf 82' lang='lat' dir='ltr'>Flumina,</span> <span class='ocrx_word' id='word_1_4' title='bbox 426 186 500 228; x_wconf 78' lang='lat' dir='ltr'>qua</span> <span class='ocrx_word' id='word_1_5' title='bbox 514 184 661 228; x_wconf 84' lang='lat' dir='ltr'>juvenis</span> <span class='ocrx_word' id='word_1_6' title='bbox 679 195 820 227; x_wconf 78' lang='lat' dir='ltr'>gressus</span> <span class='ocrx_word' id='word_1_7' title='bbox 840 183 992 217; x_wconf 87' lang='lat' dir='ltr'>inferret</span> <span class='ocrx_word' id='word_1_8' title='bbox 1008 196 1017 224; x_wconf 82' lang='lat'><em>3</em></span> <span class='ocrx_word' id='word_1_9' title='bbox 1045 186 1084 217; x_wconf 88' lang='lat' dir='ltr'>at</span> <span class='ocrx_word' id='word_1_10' title='bbox 1103 184 1209 218; x_wconf 87' lang='lat' dir='ltr'>illum</span> 
     </span>
     <span class='ocr_line' id='line_1_3' title="bbox 221 237 1130 279; baseline -0.001 -8"><span class='ocrx_word' id='word_1_11' title='bbox 221 237 381 271; x_wconf 86' lang='lat' dir='ltr'>Curvata</span> <span class='ocrx_word' id='word_1_12' title='bbox 398 237 437 271; x_wconf 89' lang='lat' dir='ltr'>in</span> <span class='ocrx_word' id='word_1_13' title='bbox 456 237 590 270; x_wconf 90' lang='lat' dir='ltr'>montis</span> <span class='ocrx_word' id='word_1_14' title='bbox 609 237 740 270; x_wconf 86' lang='lat' dir='ltr'>faciem</span> <span class='ocrx_word' id='word_1_15' title='bbox 760 237 999 270; x_wconf 82' lang='lat' dir='ltr'>circumstetit</span> <span class='ocrx_word' id='word_1_16' title='bbox 1018 237 1130 279; x_wconf 80' lang='lat' dir='ltr'>unda,</span> 
     </span>
     <span class='ocr_line' id='line_1_4' title="bbox 222 288 1136 334; baseline -0.002 -10"><span class='ocrx_word' id='word_1_17' title='bbox 222 288 446 334; x_wconf 87' lang='lat' dir='ltr'>Accepitque</span> <span class='ocrx_word' id='word_1_18' title='bbox 465 290 547 323; x_wconf 87' lang='lat' dir='ltr'>sinu</span> <span class='ocrx_word' id='word_1_19' title='bbox 566 292 683 333; x_wconf 77' lang='lat' dir='ltr'>vasto,</span> <span class='ocrx_word' id='word_1_20' title='bbox 706 289 877 333; x_wconf 88' lang='lat' dir='ltr'>misitque</span> <span class='ocrx_word' id='word_1_21' title='bbox 897 289 965 322; x_wconf 92' lang='lat' dir='ltr'>sub</span> <span class='ocrx_word' id='word_1_22' title='bbox 984 301 1136 323; x_wconf 86' lang='lat' dir='ltr'>amnem.</span> 
     </span>
     <span class='ocr_line' id='line_1_5' title="bbox 221 342 1266 387; baseline 0.001 -11"><span class='ocrx_word' id='word_1_23' title='bbox 221 343 380 387; x_wconf 85' lang='lat' dir='ltr'>Jamque</span> <span class='ocrx_word' id='word_1_24' title='bbox 398 343 548 376; x_wconf 87' lang='lat' dir='ltr'>domum</span> <span class='ocrx_word' id='word_1_25' title='bbox 566 343 700 376; x_wconf 86' lang='lat' dir='ltr'>mirans</span> <span class='ocrx_word' id='word_1_26' title='bbox 718 342 902 386; x_wconf 68' lang='lat' dir='ltr'>genitricis</span> <span class='ocrx_word' id='word_1_27' title='bbox 921 344 958 375; x_wconf 87' lang='lat' dir='ltr'>et</span> <span class='ocrx_word' id='word_1_28' title='bbox 976 342 1127 376; x_wconf 88' lang='lat' dir='ltr'>humida</span> <span class='ocrx_word' id='word_1_29' title='bbox 1146 355 1266 387; x_wconf 78' lang='lat' dir='ltr'>regna,</span> 
     </span>
     <span class='ocr_line' id='line_1_6' title="bbox 224 395 1170 439; baseline 0 -10"><span class='ocrx_word' id='word_1_30' title='bbox 224 395 485 439; x_wconf 85' lang='lat' dir='ltr'>Speluncisque</span> <span class='ocrx_word' id='word_1_31' title='bbox 504 395 603 429; x_wconf 85' lang='lat' dir='ltr'>lacus</span> <span class='ocrx_word' id='word_1_32' title='bbox 623 395 773 438; x_wconf 82' lang='lat' dir='ltr'>clausos,</span> <span class='ocrx_word' id='word_1_33' title='bbox 796 395 968 438; x_wconf 84' lang='lat' dir='ltr'>lucosque</span> <span class='ocrx_word' id='word_1_34' title='bbox 988 398 1170 439; x_wconf 77' lang='lat' dir='ltr'>sonantes,</span> 
     </span>
     <span class='ocr_line' id='line_1_7' title="bbox 222 448 1146 492; baseline -0.001 -10"><span class='ocrx_word' id='word_1_35' title='bbox 222 448 308 482; x_wconf 90' lang='lat' dir='ltr'>Ibat</span> <span class='ocrx_word' id='word_1_36' title='bbox 325 462 333 490; x_wconf 94' lang='lat'>;</span> <span class='ocrx_word' id='word_1_37' title='bbox 362 451 411 491; x_wconf 86' lang='lat' dir='ltr'>et,</span> <span class='ocrx_word' id='word_1_38' title='bbox 433 448 574 492; x_wconf 88' lang='lat' dir='ltr'>ingenti</span> <span class='ocrx_word' id='word_1_39' title='bbox 592 455 696 481; x_wconf 83' lang='lat' dir='ltr'>motu</span> <span class='ocrx_word' id='word_1_40' title='bbox 715 448 938 492; x_wconf 84' lang='lat' dir='ltr'>stupefactus</span> <span class='ocrx_word' id='word_1_41' title='bbox 957 459 1146 492; x_wconf 81' lang='lat' dir='ltr'>aquarum,</span> 
     </span>
     <span class='ocr_line' id='line_1_8' title="bbox 224 501 1057 544; baseline 0 -10"><span class='ocrx_word' id='word_1_42' title='bbox 224 501 356 535; x_wconf 87' lang='lat' dir='ltr'>Omnia</span> <span class='ocrx_word' id='word_1_43' title='bbox 374 501 441 534; x_wconf 88' lang='lat' dir='ltr'>sub</span> <span class='ocrx_word' id='word_1_44' title='bbox 460 503 592 544; x_wconf 73' lang='lat' dir='ltr'>magna</span> <span class='ocrx_word' id='word_1_45' title='bbox 611 501 770 534; x_wconf 80' lang='lat' dir='ltr'>labentia</span> <span class='ocrx_word' id='word_1_46' title='bbox 789 501 941 534; x_wconf 87' lang='lat' dir='ltr'>flumina</span> <span class='ocrx_word' id='word_1_47' title='bbox 959 504 1057 534; x_wconf 72' lang='lat' dir='ltr'>terra</span> 
     </span>
     <span class='ocr_line' id='line_1_9' title="bbox 225 554 1198 598; baseline 0 -10"><span class='ocrx_word' id='word_1_48' title='bbox 225 554 419 598; x_wconf 70' lang='lat' dir='ltr'>Spectabat</span> <span class='ocrx_word' id='word_1_49' title='bbox 438 554 579 587; x_wconf 83' lang='lat' dir='ltr'>diversa</span> <span class='ocrx_word' id='word_1_50' title='bbox 597 554 696 597; x_wconf 88' lang='grc'>10018,</span> <span class='ocrx_word' id='word_1_51' title='bbox 718 554 950 597; x_wconf 84' lang='lat' dir='ltr'>Phasimque,</span> <span class='ocrx_word' id='word_1_52' title='bbox 974 554 1198 598; x_wconf 82' lang='lat' dir='ltr'>Lycumque,</span> 
     </span>
     <span class='ocr_line' id='line_1_10' title="bbox 223 607 1250 651; baseline 0.001 -11"><span class='ocrx_word' id='word_1_53' title='bbox 223 607 273 641; x_wconf 83' lang='lat' dir='ltr'>Et</span> <span class='ocrx_word' id='word_1_54' title='bbox 292 610 412 650; x_wconf 84' lang='lat' dir='ltr'>caput,</span> <span class='ocrx_word' id='word_1_55' title='bbox 434 607 532 640; x_wconf 85' lang='lat' dir='ltr'>unde</span> <span class='ocrx_word' id='word_1_56' title='bbox 551 607 648 640; x_wconf 84' lang='lat' dir='ltr'>altus</span> <span class='ocrx_word' id='word_1_57' title='bbox 666 607 824 650; x_wconf 87' lang='lat' dir='ltr'>primum</span> <span class='ocrx_word' id='word_1_58' title='bbox 843 618 880 640; x_wconf 89' lang='lat' dir='ltr'>se</span> <span class='ocrx_word' id='word_1_59' title='bbox 899 607 1057 650; x_wconf 87' lang='lat' dir='ltr'>erumpit</span> <span class='ocrx_word' id='word_1_60' title='bbox 1076 607 1250 651; x_wconf 80' lang='lat' dir='ltr'>Enipeus,</span> 
     </span>
     <span class='ocr_line' id='line_1_11' title="bbox 225 659 1182 703; baseline 0.001 -10"><span class='ocrx_word' id='word_1_61' title='bbox 225 660 334 693; x_wconf 88' lang='lat' dir='ltr'>Unde</span> <span class='ocrx_word' id='word_1_62' title='bbox 353 663 457 703; x_wconf 84' lang='lat' dir='ltr'>pater</span> <span class='ocrx_word' id='word_1_63' title='bbox 475 660 675 702; x_wconf 86' lang='lat' dir='ltr'>Tiberinus,</span> <span class='ocrx_word' id='word_1_64' title='bbox 698 662 735 692; x_wconf 90' lang='lat' dir='ltr'>et</span> <span class='ocrx_word' id='word_1_65' title='bbox 753 659 851 692; x_wconf 90' lang='lat' dir='ltr'>unde</span> <span class='ocrx_word' id='word_1_66' title='bbox 870 659 1013 693; x_wconf 85' lang='lat' dir='ltr'>Aniena</span> <span class='ocrx_word' id='word_1_67' title='bbox 1031 660 1182 703; x_wconf 82' lang='lat' dir='ltr'>fluenta,</span> 
     </span>
     <span class='ocr_line' id='line_1_12' title="bbox 226 711 1210 756; baseline 0 -10"><span class='ocrx_word' id='word_1_68' title='bbox 226 713 474 756; x_wconf 80' lang='lat' dir='ltr'>Saxosumque</span> <span class='ocrx_word' id='word_1_69' title='bbox 493 724 625 745; x_wconf 83' lang='lat' dir='ltr'>sonans</span> <span class='ocrx_word' id='word_1_70' title='bbox 644 712 824 755; x_wconf 80' lang='lat' dir='ltr'>Hypanis,</span> <span class='ocrx_word' id='word_1_71' title='bbox 847 711 1050 756; x_wconf 84' lang='lat' dir='ltr'>Mysusque</span> <span class='ocrx_word' id='word_1_72' title='bbox 1070 712 1210 756; x_wconf 78' lang='lat' dir='ltr'>Caicus,</span> 
     </span>
     <span class='ocr_line' id='line_1_13' title="bbox 225 765 1047 809; baseline -0.002 -9"><span class='ocrx_word' id='word_1_73' title='bbox 225 766 275 800; x_wconf 90' lang='lat' dir='ltr'>Et</span> <span class='ocrx_word' id='word_1_74' title='bbox 292 765 436 809; x_wconf 86' lang='lat' dir='ltr'>gemina</span> <span class='ocrx_word' id='word_1_75' title='bbox 453 768 603 798; x_wconf 83' lang='lat' dir='ltr'>auratus</span> <span class='ocrx_word' id='word_1_76' title='bbox 621 765 767 798; x_wconf 86' lang='lat' dir='ltr'>taurino</span> <span class='ocrx_word' id='word_1_77' title='bbox 787 776 921 798; x_wconf 87' lang='lat' dir='ltr'>cornua</span> <span class='ocrx_word' id='word_1_78' title='bbox 939 765 1047 798; x_wconf 68' lang='lat' dir='ltr'>vultu</span> 
     </span>
     <span class='ocr_line' id='line_1_14' title="bbox 225 817 1085 861; baseline 0 -9"><span class='ocrx_word' id='word_1_79' title='bbox 225 818 420 861; x_wconf 82' lang='lat' dir='ltr'>Eridanus,</span> <span class='ocrx_word' id='word_1_80' title='bbox 443 829 515 861; x_wconf 87' lang='lat' dir='ltr'>quo</span> <span class='ocrx_word' id='word_1_81' title='bbox 535 829 608 851; x_wconf 89' lang='lat' dir='ltr'>non</span> <span class='ocrx_word' id='word_1_82' title='bbox 627 817 720 852; x_wconf 86' lang='lat' dir='ltr'>alius</span> <span class='ocrx_word' id='word_1_83' title='bbox 738 829 802 861; x_wconf 89' lang='lat' dir='ltr'>per</span> <span class='ocrx_word' id='word_1_84' title='bbox 820 817 969 861; x_wconf 82' lang='lat' dir='ltr'>pinguia</span> <span class='ocrx_word' id='word_1_85' title='bbox 987 818 1085 852; x_wconf 73' lang='lat' dir='ltr'>culta</span> 
     </span>
     <span class='ocr_line' id='line_1_15' title="bbox 227 871 1124 915; baseline 0.001 -11"><span class='ocrx_word' id='word_1_86' title='bbox 227 871 273 905; x_wconf 90' lang='lat' dir='ltr'>In</span> <span class='ocrx_word' id='word_1_87' title='bbox 292 883 390 904; x_wconf 87' lang='lat' dir='ltr'>mare</span> <span class='ocrx_word' id='word_1_88' title='bbox 409 883 633 915; x_wconf 88' lang='lat' dir='ltr'>purpureum</span> <span class='ocrx_word' id='word_1_89' title='bbox 652 871 846 904; x_wconf 87' lang='lat' dir='ltr'>violentior</span> <span class='ocrx_word' id='word_1_90' title='bbox 865 871 979 904; x_wconf 87' lang='lat' dir='ltr'>effluit</span> <span class='ocrx_word' id='word_1_91' title='bbox 997 871 1124 905; x_wconf 78' lang='lat' dir='ltr'>amnis.</span> 
     </span>
     <span class='ocr_line' id='line_1_16' title="bbox 279 924 1273 968; baseline 0.002 -11"><span class='ocrx_word' id='word_1_92' title='bbox 279 924 480 968; x_wconf 89' lang='lat' dir='ltr'>Postquam</span> <span class='ocrx_word' id='word_1_93' title='bbox 499 926 552 957; x_wconf 88' lang='lat' dir='ltr'>est</span> <span class='ocrx_word' id='word_1_94' title='bbox 570 924 609 957; x_wconf 88' lang='lat' dir='ltr'>in</span> <span class='ocrx_word' id='word_1_95' title='bbox 628 924 779 957; x_wconf 87' lang='lat' dir='ltr'>thalami</span> <span class='ocrx_word' id='word_1_96' title='bbox 797 924 995 967; x_wconf 86' lang='lat' dir='ltr'>pendentia</span> <span class='ocrx_word' id='word_1_97' title='bbox 1013 925 1155 967; x_wconf 82' lang='lat' dir='ltr'>pumice</span> <span class='ocrx_word' id='word_1_98' title='bbox 1175 928 1273 959; x_wconf 80' lang='lat' dir='ltr'>tecta</span> 
     </span>
     <span class='ocr_line' id='line_1_17' title="bbox 226 977 1078 1020; baseline -0.001 -9"><span class='ocrx_word' id='word_1_99' title='bbox 226 977 462 1020; x_wconf 74' lang='lat' dir='ltr'>Perventum,</span> <span class='ocrx_word' id='word_1_100' title='bbox 485 979 521 1010; x_wconf 89' lang='lat' dir='ltr'>et</span> <span class='ocrx_word' id='word_1_101' title='bbox 540 977 619 1010; x_wconf 81' lang='lat' dir='ltr'>nati</span> <span class='ocrx_word' id='word_1_102' title='bbox 637 977 745 1010; x_wconf 87' lang='lat' dir='ltr'>fletus</span> <span class='ocrx_word' id='word_1_103' title='bbox 765 978 933 1020; x_wconf 86' lang='lat' dir='ltr'>cognovit</span> <span class='ocrx_word' id='word_1_104' title='bbox 952 977 1078 1010; x_wconf 81' lang='lat' dir='ltr'>inanes</span> 
     </span>
     <span class='ocr_line' id='line_1_18' title="bbox 227 1029 1138 1074; baseline 0 -10"><span class='ocrx_word' id='word_1_105' title='bbox 227 1030 378 1074; x_wconf 78' lang='lat' dir='ltr'>Cyrene,</span> <span class='ocrx_word' id='word_1_106' title='bbox 400 1030 568 1063; x_wconf 85' lang='lat' dir='ltr'>manibus</span> <span class='ocrx_word' id='word_1_107' title='bbox 587 1030 745 1074; x_wconf 87' lang='lat' dir='ltr'>liquidos</span> <span class='ocrx_word' id='word_1_108' title='bbox 763 1029 853 1063; x_wconf 84' lang='lat' dir='ltr'>dant</span> <span class='ocrx_word' id='word_1_109' title='bbox 873 1030 998 1063; x_wconf 88' lang='lat' dir='ltr'>ordine</span> <span class='ocrx_word' id='word_1_110' title='bbox 1017 1031 1138 1064; x_wconf 74' lang='lat' dir='ltr'>fontes</span> 
     </span>
     <span class='ocr_line' id='line_1_19' title="bbox 227 1083 1099 1126; baseline 0 -9"><span class='ocrx_word' id='word_1_111' title='bbox 227 1083 431 1126; x_wconf 74' lang='lat' dir='ltr'>Germanae,</span> <span class='ocrx_word' id='word_1_112' title='bbox 453 1083 641 1126; x_wconf 83' lang='lat' dir='ltr'>tonsisque</span> <span class='ocrx_word' id='word_1_113' title='bbox 659 1083 783 1116; x_wconf 86' lang='lat' dir='ltr'>ferunt</span> <span class='ocrx_word' id='word_1_114' title='bbox 802 1083 975 1116; x_wconf 82' lang='lat' dir='ltr'>mantelia</span> <span class='ocrx_word' id='word_1_115' title='bbox 996 1083 1099 1117; x_wconf 82' lang='lat' dir='ltr'>villis.</span> 
     </span>
     <span class='ocr_line' id='line_1_20' title="bbox 227 1136 1179 1181; baseline 0.001 -11"><span class='ocrx_word' id='word_1_116' title='bbox 227 1136 317 1170; x_wconf 88' lang='lat' dir='ltr'>Pars</span> <span class='ocrx_word' id='word_1_117' title='bbox 336 1136 451 1181; x_wconf 79' lang='lat' dir='ltr'>epulis</span> <span class='ocrx_word' id='word_1_118' title='bbox 470 1139 622 1169; x_wconf 84' lang='lat' dir='ltr'>onerant</span> <span class='ocrx_word' id='word_1_119' title='bbox 641 1147 795 1178; x_wconf 84' lang='lat' dir='ltr'>mensas,</span> <span class='ocrx_word' id='word_1_120' title='bbox 818 1139 855 1169; x_wconf 86' lang='lat' dir='ltr'>et</span> <span class='ocrx_word' id='word_1_121' title='bbox 874 1136 981 1179; x_wconf 85' lang='lat' dir='ltr'>plena</span> <span class='ocrx_word' id='word_1_122' title='bbox 999 1140 1179 1180; x_wconf 87' lang='lat' dir='ltr'>reponunt</span> 
     </span>
     <span class='ocr_line' id='line_1_21' title="bbox 227 1189 1096 1232; baseline 0 -10"><span class='ocrx_word' id='word_1_123' title='bbox 227 1189 365 1222; x_wconf 81' lang='lat' dir='ltr'>Pocula</span> <span class='ocrx_word' id='word_1_124' title='bbox 380 1202 389 1230; x_wconf 83' lang='lat'>3</span> <span class='ocrx_word' id='word_1_125' title='bbox 416 1189 605 1222; x_wconf 86' lang='lat' dir='ltr'>Panchaeis</span> <span class='ocrx_word' id='word_1_126' title='bbox 623 1189 835 1222; x_wconf 85' lang='lat' dir='ltr'>adolescunt</span> <span class='ocrx_word' id='word_1_127' title='bbox 854 1189 997 1232; x_wconf 80' lang='lat' dir='ltr'>ignibus</span> <span class='ocrx_word' id='word_1_128' title='bbox 1016 1201 1096 1223; x_wconf 77' lang='lat' dir='ltr'>arae.</span> 
     </span>
     <span class='ocr_line' id='line_1_22' title="bbox 226 1241 1146 1285; baseline 0.002 -9"><span class='ocrx_word' id='word_1_129' title='bbox 226 1242 276 1276; x_wconf 90' lang='lat' dir='ltr'>Et</span> <span class='ocrx_word' id='word_1_130' title='bbox 294 1245 411 1276; x_wconf 88' lang='lat' dir='ltr'>mater</span> <span class='ocrx_word' id='word_1_131' title='bbox 428 1255 435 1276; x_wconf 80' lang='lat'>2</span> <span class='ocrx_word' id='word_1_132' title='bbox 467 1243 492 1260; x_wconf 88' lang='lat'><strong>“</strong></span> <span class='ocrx_word' id='word_1_133' title='bbox 507 1242 601 1285; x_wconf 83' lang='lat' dir='ltr'>Cape</span> <span class='ocrx_word' id='word_1_134' title='bbox 621 1241 772 1275; x_wconf 70' lang='lat' dir='ltr'>Maeonii</span> <span class='ocrx_word' id='word_1_135' title='bbox 791 1242 969 1275; x_wconf 87' lang='lat' dir='ltr'>carchesia</span> <span class='ocrx_word' id='word_1_136' title='bbox 987 1242 1122 1276; x_wconf 83' lang='lat' dir='ltr'>Bacchi</span> <span class='ocrx_word' id='word_1_137' title='bbox 1139 1255 1146 1278; x_wconf 75' lang='grc' dir='ltr'><em>τ</em></span> 
     </span>
     <span class='ocr_line' id='line_1_23' title="bbox 227 1295 1100 1338; baseline 0.001 -10"><span class='ocrx_word' id='word_1_138' title='bbox 227 1295 370 1329; x_wconf 79' lang='lat' dir='ltr'>Oceano</span> <span class='ocrx_word' id='word_1_139' title='bbox 389 1295 581 1337; x_wconf 85' lang='lat' dir='ltr'>libemus,”</span> <span class='ocrx_word' id='word_1_140' title='bbox 602 1295 654 1328; x_wconf 88' lang='lat' dir='ltr'>ait</span> <span class='ocrx_word' id='word_1_141' title='bbox 673 1307 679 1328; x_wconf 92' lang='lat'>:</span> <span class='ocrx_word' id='word_1_142' title='bbox 708 1295 816 1328; x_wconf 86' lang='lat' dir='ltr'>simul</span> <span class='ocrx_word' id='word_1_143' title='bbox 835 1295 913 1338; x_wconf 87' lang='lat' dir='ltr'>ipsa</span> <span class='ocrx_word' id='word_1_144' title='bbox 931 1298 1100 1338; x_wconf 84' lang='lat' dir='ltr'>precatur</span> 
     </span>
     <span class='ocr_line' id='line_1_24' title="bbox 226 1347 1250 1392; baseline 0 -10"><span class='ocrx_word' id='word_1_145' title='bbox 226 1347 484 1392; x_wconf 81' lang='lat' dir='ltr'>Oceanumque</span> <span class='ocrx_word' id='word_1_146' title='bbox 502 1350 643 1391; x_wconf 84' lang='lat' dir='ltr'>patrem</span> <span class='ocrx_word' id='word_1_147' title='bbox 660 1359 794 1391; x_wconf 86' lang='lat' dir='ltr'>rerum,</span> <span class='ocrx_word' id='word_1_148' title='bbox 816 1347 1081 1391; x_wconf 87' lang='lat' dir='ltr'>Nymphasque</span> <span class='ocrx_word' id='word_1_149' title='bbox 1101 1360 1250 1392; x_wconf 83' lang='lat' dir='ltr'>sorores,</span> 
     </span>
     <span class='ocr_line' id='line_1_25' title="bbox 226 1400 1251 1444; baseline 0.002 -10"><span class='ocrx_word' id='word_1_150' title='bbox 226 1400 383 1434; x_wconf 85' lang='lat' dir='ltr'>Centum</span> <span class='ocrx_word' id='word_1_151' title='bbox 402 1412 484 1444; x_wconf 74' lang='lat' dir='ltr'>quae</span> <span class='ocrx_word' id='word_1_152' title='bbox 503 1401 635 1444; x_wconf 79' lang='lat' dir='ltr'>sylvas,</span> <span class='ocrx_word' id='word_1_153' title='bbox 658 1403 805 1434; x_wconf 88' lang='lat' dir='ltr'>centum</span> <span class='ocrx_word' id='word_1_154' title='bbox 824 1412 906 1444; x_wconf 85' lang='lat' dir='ltr'>quae</span> <span class='ocrx_word' id='word_1_155' title='bbox 926 1401 1077 1435; x_wconf 82' lang='lat' dir='ltr'>flumina</span> <span class='ocrx_word' id='word_1_156' title='bbox 1096 1406 1251 1436; x_wconf 79' lang='lat' dir='ltr'>servant.</span> 
     </span>
     <span class='ocr_line' id='line_1_26' title="bbox 225 1453 1199 1498; baseline 0.001 -11"><span class='ocrx_word' id='word_1_157' title='bbox 225 1453 294 1488; x_wconf 88' lang='lat' dir='ltr'>Ter</span> <span class='ocrx_word' id='word_1_158' title='bbox 312 1454 452 1498; x_wconf 87' lang='lat' dir='ltr'>liquido</span> <span class='ocrx_word' id='word_1_159' title='bbox 470 1453 659 1487; x_wconf 80' lang='lat' dir='ltr'>ardentem</span> <span class='ocrx_word' id='word_1_160' title='bbox 677 1453 839 1497; x_wconf 84' lang='lat' dir='ltr'>perfudit</span> <span class='ocrx_word' id='word_1_161' title='bbox 857 1456 1003 1487; x_wconf 85' lang='lat' dir='ltr'>nectare</span> <span class='ocrx_word' id='word_1_162' title='bbox 1022 1454 1173 1488; x_wconf 72' lang='lat' dir='ltr'>Vestam</span> <span class='ocrx_word' id='word_1_163' title='bbox 1191 1468 1199 1496; x_wconf 92' lang='lat'>;</span> 
     </span>
     <span class='ocr_line' id='line_1_27' title="bbox 225 1506 1195 1551; baseline 0 -10"><span class='ocrx_word' id='word_1_164' title='bbox 225 1507 294 1541; x_wconf 85' lang='lat' dir='ltr'>Ter</span> <span class='ocrx_word' id='word_1_165' title='bbox 311 1507 457 1541; x_wconf 89' lang='lat' dir='ltr'>flamma</span> <span class='ocrx_word' id='word_1_166' title='bbox 475 1507 521 1540; x_wconf 88' lang='lat' dir='ltr'>ad</span> <span class='ocrx_word' id='word_1_167' title='bbox 540 1518 724 1540; x_wconf 86' lang='lat' dir='ltr'>summum</span> <span class='ocrx_word' id='word_1_168' title='bbox 742 1506 832 1540; x_wconf 87' lang='lat' dir='ltr'>tecti</span> <span class='ocrx_word' id='word_1_169' title='bbox 850 1507 1016 1551; x_wconf 84' lang='lat' dir='ltr'>subjecta</span> <span class='ocrx_word' id='word_1_170' title='bbox 1034 1508 1171 1541; x_wconf 75' lang='lat' dir='ltr'>reluxit</span> <span class='ocrx_word' id='word_1_171' title='bbox 1189 1521 1195 1542; x_wconf 93' lang='lat'>:</span> 
     </span>
     <span class='ocr_line' id='line_1_28' title="bbox 225 1558 1201 1604; baseline 0.001 -10"><span class='ocrx_word' id='word_1_172' title='bbox 225 1560 356 1594; x_wconf 85' lang='lat' dir='ltr'>Omine</span> <span class='ocrx_word' id='word_1_173' title='bbox 375 1571 448 1604; x_wconf 93' lang='lat' dir='ltr'>quo</span> <span class='ocrx_word' id='word_1_174' title='bbox 466 1560 614 1593; x_wconf 86' lang='lat' dir='ltr'>firmans</span> <span class='ocrx_word' id='word_1_175' title='bbox 632 1560 807 1603; x_wconf 89' lang='lat' dir='ltr'>animum,</span> <span class='ocrx_word' id='word_1_176' title='bbox 829 1560 879 1593; x_wconf 87' lang='lat' dir='ltr'>sic</span> <span class='ocrx_word' id='word_1_177' title='bbox 898 1558 1026 1604; x_wconf 82' lang='lat' dir='ltr'>incipit</span> <span class='ocrx_word' id='word_1_178' title='bbox 1044 1561 1121 1604; x_wconf 85' lang='lat' dir='ltr'>ipsa</span> <span class='ocrx_word' id='word_1_179' title='bbox 1139 1574 1201 1595; x_wconf 77' lang='lat'>1——</span> 
     </span>
     <span class='ocr_line' id='line_1_29' title="bbox 228 1613 1090 1657; baseline 0 -11"><span class='ocrx_word' id='word_1_180' title='bbox 228 1615 255 1632; x_wconf 94' lang='lat'><strong>“</strong></span> <span class='ocrx_word' id='word_1_181' title='bbox 270 1613 336 1647; x_wconf 87' lang='lat' dir='ltr'>Est</span> <span class='ocrx_word' id='word_1_182' title='bbox 355 1613 395 1646; x_wconf 91' lang='lat' dir='ltr'>in</span> <span class='ocrx_word' id='word_1_183' title='bbox 414 1613 608 1656; x_wconf 87' lang='lat' dir='ltr'>Carpathio</span> <span class='ocrx_word' id='word_1_184' title='bbox 628 1613 797 1656; x_wconf 83' lang='lat' dir='ltr'>Neptuni</span> <span class='ocrx_word' id='word_1_185' title='bbox 815 1613 957 1657; x_wconf 81' lang='lat' dir='ltr'>gurgite</span> <span class='ocrx_word' id='word_1_186' title='bbox 976 1616 1090 1657; x_wconf 87' lang='lat' dir='ltr'>vates,</span> 
     </span>
     <span class='ocr_line' id='line_1_30' title="bbox 226 1661 1209 1711; baseline 0 -11"><span class='ocrx_word' id='word_1_187' title='bbox 226 1666 414 1700; x_wconf 78' lang='lat' dir='ltr'>Coeruleus</span> <span class='ocrx_word' id='word_1_188' title='bbox 433 1666 600 1708; x_wconf 87' lang='lat' dir='ltr'>Proteus,</span> <span class='ocrx_word' id='word_1_189' title='bbox 622 1677 795 1710; x_wconf 81' lang='lat' dir='ltr'>magnum</span> <span class='ocrx_word' id='word_1_190' title='bbox 814 1666 878 1710; x_wconf 88' lang='lat' dir='ltr'>qui</span> <span class='ocrx_word' id='word_1_191' title='bbox 896 1666 1053 1710; x_wconf 87' lang='lat' dir='ltr'>piscibus</span> <span class='ocrx_word' id='word_1_192' title='bbox 1072 1661 1209 1711; x_wconf 77' lang='lat' dir='ltr'>aequor&#39;,</span> 
     </span>
     <span class='ocr_line' id='line_1_31' title="bbox 225 1718 1113 1764; baseline 0.001 -11"><span class='ocrx_word' id='word_1_193' title='bbox 225 1719 274 1753; x_wconf 87' lang='lat' dir='ltr'>Et</span> <span class='ocrx_word' id='word_1_194' title='bbox 288 1720 419 1764; x_wconf 82' lang='lat' dir='ltr'>juncto</span> <span class='ocrx_word' id='word_1_195' title='bbox 438 1718 611 1763; x_wconf 88' lang='lat' dir='ltr'>bipedum</span> <span class='ocrx_word' id='word_1_196' title='bbox 630 1731 738 1752; x_wconf 84' lang='lat' dir='ltr'>curru</span> <span class='ocrx_word' id='word_1_197' title='bbox 756 1720 909 1753; x_wconf 88' lang='lat' dir='ltr'>metitur</span> <span class='ocrx_word' id='word_1_198' title='bbox 927 1731 1113 1763; x_wconf 83' lang='lat' dir='ltr'>equorum.</span> 
     </span>
     <span class='ocr_line' id='line_1_32' title="bbox 225 1772 1162 1816; baseline 0 -10"><span class='ocrx_word' id='word_1_199' title='bbox 225 1772 299 1806; x_wconf 89' lang='grc' dir='ltr'>Η10</span> <span class='ocrx_word' id='word_1_200' title='bbox 316 1784 414 1807; x_wconf 82' lang='grc'>1111110</span> <span class='ocrx_word' id='word_1_201' title='bbox 432 1773 611 1806; x_wconf 74' lang='lat' dir='ltr'>Emathiae</span> <span class='ocrx_word' id='word_1_202' title='bbox 630 1775 770 1816; x_wconf 79' lang='lat' dir='ltr'>portUS,</span> <span class='ocrx_word' id='word_1_203' title='bbox 791 1773 1018 1816; x_wconf 87' lang='lat' dir='ltr'>patriamque</span> <span class='ocrx_word' id='word_1_204' title='bbox 1037 1773 1162 1806; x_wconf 77' lang='lat' dir='ltr'>revisit</span> 
     </span>
     <span class='ocr_line' id='line_1_33' title="bbox 224 1825 1200 1870; baseline 0.001 -12"><span class='ocrx_word' id='word_1_205' title='bbox 224 1825 402 1859; x_wconf 60' lang='lat' dir='ltr'>Pallenen</span> <span class='ocrx_word' id='word_1_206' title='bbox 418 1839 427 1867; x_wconf 89' lang='lat'>;</span> <span class='ocrx_word' id='word_1_207' title='bbox 455 1826 553 1859; x_wconf 87' lang='lat' dir='ltr'>hunc</span> <span class='ocrx_word' id='word_1_208' title='bbox 572 1828 610 1859; x_wconf 86' lang='lat' dir='ltr'>et</span> <span class='ocrx_word' id='word_1_209' title='bbox 628 1825 800 1869; x_wconf 81' lang='lat' dir='ltr'>nymphae</span> <span class='ocrx_word' id='word_1_210' title='bbox 819 1837 1046 1868; x_wconf 80' lang='lat' dir='ltr'>veneramur,</span> <span class='ocrx_word' id='word_1_211' title='bbox 1069 1829 1106 1859; x_wconf 92' lang='lat' dir='ltr'>et</span> <span class='ocrx_word' id='word_1_212' title='bbox 1124 1827 1200 1870; x_wconf 79' lang='lat' dir='ltr'>ipse</span> 
     </span>
     <span class='ocr_line' id='line_1_34' title="bbox 226 1877 1223 1923; baseline 0 -11"><span class='ocrx_word' id='word_1_213' title='bbox 226 1877 454 1912; x_wconf 82' lang='lat' dir='ltr'>Grandaevus</span> <span class='ocrx_word' id='word_1_214' title='bbox 473 1878 615 1912; x_wconf 87' lang='lat' dir='ltr'>Nereus</span> <span class='ocrx_word' id='word_1_215' title='bbox 634 1891 640 1912; x_wconf 94' lang='lat'><strong>:</strong></span> <span class='ocrx_word' id='word_1_216' title='bbox 669 1880 773 1912; x_wconf 86' lang='lat' dir='ltr'>novit</span> <span class='ocrx_word' id='word_1_217' title='bbox 792 1890 949 1923; x_wconf 90' lang='lat' dir='ltr'>namque</span> <span class='ocrx_word' id='word_1_218' title='bbox 969 1879 1090 1913; x_wconf 82' lang='lat' dir='ltr'>omnia</span> <span class='ocrx_word' id='word_1_219' title='bbox 1109 1883 1223 1922; x_wconf 79' lang='lat' dir='ltr'>vates,</span> 
     </span>
    </p>
   </div>
   <div class='ocr_carea' id='block_1_3' title="bbox 226 1930 1296 1976">
    <p class='ocr_par' dir='ltr' id='par_1_3' title="bbox 226 1930 1296 1976">
     <span class='ocr_line' id='line_1_35' title="bbox 226 1930 1296 1976; baseline 0.002 -12"><span class='ocrx_word' id='word_1_220' title='bbox 226 1930 316 1972; x_wconf 86' lang='lat' dir='ltr'>Quae</span> <span class='ocrx_word' id='word_1_221' title='bbox 335 1932 421 1974; x_wconf 87' lang='lat' dir='ltr'>sint,</span> <span class='ocrx_word' id='word_1_222' title='bbox 444 1943 526 1975; x_wconf 60' lang='lat' dir='ltr'>quae</span> <span class='ocrx_word' id='word_1_223' title='bbox 544 1931 693 1974; x_wconf 86' lang='lat' dir='ltr'>fuerint,</span> <span class='ocrx_word' id='word_1_224' title='bbox 717 1943 798 1976; x_wconf 86' lang='lat' dir='ltr'>quae</span> <span class='ocrx_word' id='word_1_225' title='bbox 816 1943 903 1965; x_wconf 79' lang='lat' dir='ltr'>mox</span> <span class='ocrx_word' id='word_1_226' title='bbox 922 1935 1077 1966; x_wconf 86' lang='lat' dir='ltr'>ventura</span> <span class='ocrx_word' id='word_1_227' title='bbox 1095 1933 1296 1967; x_wconf 71' lang='lat' dir='ltr'>trahantur.</span> 
     </span>
    </p>
   </div>
   <div class='ocr_carea' id='block_1_4' title="bbox 222 1983 1278 2399">
    <p class='ocr_par' dir='ltr' id='par_1_4' title="bbox 224 1983 1193 2082">
     <span class='ocr_line' id='line_1_36' title="bbox 226 1983 1193 2029; baseline 0.002 -12"><span class='ocrx_word' id='word_1_228' title='bbox 226 1983 367 2028; x_wconf 83' lang='lat' dir='ltr'>Quippe</span> <span class='ocrx_word' id='word_1_229' title='bbox 385 1985 438 2018; x_wconf 90' lang='lat' dir='ltr'>ita</span> <span class='ocrx_word' id='word_1_230' title='bbox 456 1984 633 2028; x_wconf 75' lang='lat' dir='ltr'>Neptuno</span> <span class='ocrx_word' id='word_1_231' title='bbox 652 1985 770 2018; x_wconf 86' lang='lat' dir='ltr'>visum</span> <span class='ocrx_word' id='word_1_232' title='bbox 790 1988 844 2018; x_wconf 87' lang='lat' dir='ltr'>est</span> <span class='ocrx_word' id='word_1_233' title='bbox 861 1998 870 2026; x_wconf 89' lang='lat'>;</span> <span class='ocrx_word' id='word_1_234' title='bbox 898 1985 1070 2019; x_wconf 83' lang='lat' dir='ltr'>immania</span> <span class='ocrx_word' id='word_1_235' title='bbox 1089 1986 1193 2029; x_wconf 81' lang='lat' dir='ltr'>cujus</span> 
     </span>
     <span class='ocr_line' id='line_1_37' title="bbox 224 2038 1158 2082; baseline 0.001 -11"><span class='ocrx_word' id='word_1_236' title='bbox 224 2038 414 2080; x_wconf 81' lang='lat' dir='ltr'>Armenta,</span> <span class='ocrx_word' id='word_1_237' title='bbox 437 2040 473 2071; x_wconf 87' lang='lat' dir='ltr'>et</span> <span class='ocrx_word' id='word_1_238' title='bbox 492 2040 616 2081; x_wconf 87' lang='lat' dir='ltr'>turpes</span> <span class='ocrx_word' id='word_1_239' title='bbox 634 2038 749 2081; x_wconf 84' lang='lat' dir='ltr'>pascit</span> <span class='ocrx_word' id='word_1_240' title='bbox 768 2038 835 2071; x_wconf 87' lang='lat' dir='ltr'>sub</span> <span class='ocrx_word' id='word_1_241' title='bbox 854 2039 997 2082; x_wconf 83' lang='lat' dir='ltr'>gurgite</span> <span class='ocrx_word' id='word_1_242' title='bbox 1016 2038 1158 2082; x_wconf 77' lang='lat' dir='ltr'>phocas.</span> 
     </span>
    </p>

    <p class='ocr_par' dir='ltr' id='par_1_5' title="bbox 222 2089 1278 2399">
     <span class='ocr_line' id='line_1_38' title="bbox 224 2089 1241 2134; baseline 0.001 -10"><span class='ocrx_word' id='word_1_243' title='bbox 224 2089 298 2124; x_wconf 86' lang='lat' dir='ltr'>Hic</span> <span class='ocrx_word' id='word_1_244' title='bbox 316 2090 398 2134; x_wconf 89' lang='lat' dir='ltr'>tibi,</span> <span class='ocrx_word' id='word_1_245' title='bbox 420 2093 518 2133; x_wconf 87' lang='lat' dir='ltr'>nate,</span> <span class='ocrx_word' id='word_1_246' title='bbox 541 2090 641 2134; x_wconf 83' lang='lat' dir='ltr'>prius</span> <span class='ocrx_word' id='word_1_247' title='bbox 660 2091 787 2124; x_wconf 72' lang='lat' dir='ltr'>vinciis</span> <span class='ocrx_word' id='word_1_248' title='bbox 807 2091 1015 2134; x_wconf 86' lang='lat' dir='ltr'>capiendus,</span> <span class='ocrx_word' id='word_1_249' title='bbox 1038 2094 1080 2125; x_wconf 91' lang='lat' dir='ltr'>ut</span> <span class='ocrx_word' id='word_1_250' title='bbox 1099 2103 1241 2125; x_wconf 81' lang='lat' dir='ltr'>omnem</span> 
     </span>
     <span class='ocr_line' id='line_1_39' title="bbox 223 2142 1166 2188; baseline 0.001 -11"><span class='ocrx_word' id='word_1_251' title='bbox 223 2142 405 2188; x_wconf 84' lang='lat' dir='ltr'>Expediat</span> <span class='ocrx_word' id='word_1_252' title='bbox 424 2143 541 2177; x_wconf 86' lang='lat' dir='ltr'>morbi</span> <span class='ocrx_word' id='word_1_253' title='bbox 559 2155 715 2186; x_wconf 82' lang='lat' dir='ltr'>causam,</span> <span class='ocrx_word' id='word_1_254' title='bbox 738 2146 964 2188; x_wconf 87' lang='lat' dir='ltr'>eventusque</span> <span class='ocrx_word' id='word_1_255' title='bbox 984 2145 1166 2178; x_wconf 82' lang='lat' dir='ltr'>secundet.</span> 
     </span>
     <span class='ocr_line' id='line_1_40' title="bbox 223 2195 1259 2241; baseline -0.001 -11"><span class='ocrx_word' id='word_1_256' title='bbox 223 2195 323 2230; x_wconf 84' lang='lat' dir='ltr'>Nam</span> <span class='ocrx_word' id='word_1_257' title='bbox 342 2197 418 2230; x_wconf 88' lang='lat' dir='ltr'>sine</span> <span class='ocrx_word' id='word_1_258' title='bbox 438 2197 475 2230; x_wconf 89' lang='lat' dir='ltr'>vi</span> <span class='ocrx_word' id='word_1_259' title='bbox 493 2208 567 2230; x_wconf 88' lang='lat' dir='ltr'>non</span> <span class='ocrx_word' id='word_1_260' title='bbox 586 2197 662 2230; x_wconf 87' lang='lat' dir='ltr'>ulla</span> <span class='ocrx_word' id='word_1_261' title='bbox 681 2196 784 2230; x_wconf 88' lang='lat' dir='ltr'>dabit</span> <span class='ocrx_word' id='word_1_262' title='bbox 803 2200 994 2241; x_wconf 75' lang='lat' dir='ltr'>praecepta,</span> <span class='ocrx_word' id='word_1_263' title='bbox 1017 2209 1135 2241; x_wconf 82' lang='lat' dir='ltr'>neque</span> <span class='ocrx_word' id='word_1_264' title='bbox 1156 2198 1259 2231; x_wconf 77' lang='lat' dir='ltr'>illum</span> 
     </span>
     <span class='ocr_line' id='line_1_41' title="bbox 223 2249 1136 2294; baseline 0.001 -12"><span class='ocrx_word' id='word_1_265' title='bbox 223 2249 371 2283; x_wconf 88' lang='lat' dir='ltr'>Orando</span> <span class='ocrx_word' id='word_1_266' title='bbox 390 2251 513 2283; x_wconf 89' lang='lat' dir='ltr'>flectes</span> <span class='ocrx_word' id='word_1_267' title='bbox 531 2262 538 2284; x_wconf 76' lang='grc' dir='ltr'><strong><em>ι</em></strong></span> <span class='ocrx_word' id='word_1_268' title='bbox 567 2249 642 2283; x_wconf 87' lang='lat' dir='ltr'>vim</span> <span class='ocrx_word' id='word_1_269' title='bbox 661 2250 791 2283; x_wconf 83' lang='lat' dir='ltr'>duram</span> <span class='ocrx_word' id='word_1_270' title='bbox 810 2253 847 2283; x_wconf 91' lang='lat' dir='ltr'>et</span> <span class='ocrx_word' id='word_1_271' title='bbox 870 2250 1013 2284; x_wconf 81' lang='lat' dir='ltr'>vincula</span> <span class='ocrx_word' id='word_1_272' title='bbox 1032 2254 1136 2294; x_wconf 77' lang='lat' dir='ltr'>capto</span> 
     </span>
     <span class='ocr_line' id='line_1_42' title="bbox 223 2301 1278 2348; baseline 0.001 -12"><span class='ocrx_word' id='word_1_273' title='bbox 223 2301 345 2336; x_wconf 83' lang='lat' dir='ltr'>Tende</span> <span class='ocrx_word' id='word_1_274' title='bbox 363 2315 370 2337; x_wconf 72' lang='grc' dir='ltr'><strong><em>ι</em></strong></span> <span class='ocrx_word' id='word_1_275' title='bbox 400 2303 475 2336; x_wconf 90' lang='lat' dir='ltr'>doli</span> <span class='ocrx_word' id='word_1_276' title='bbox 494 2303 629 2337; x_wconf 89' lang='lat' dir='ltr'>circum</span> <span class='ocrx_word' id='word_1_277' title='bbox 647 2303 726 2336; x_wconf 83' lang='lat' dir='ltr'>haec</span> <span class='ocrx_word' id='word_1_278' title='bbox 744 2302 892 2336; x_wconf 89' lang='lat' dir='ltr'>demum</span> <span class='ocrx_word' id='word_1_279' title='bbox 911 2304 1126 2348; x_wconf 82' lang='lat' dir='ltr'>frangentur</span> <span class='ocrx_word' id='word_1_280' title='bbox 1145 2304 1278 2338; x_wconf 47' lang='lat' dir='ltr'>inanes.</span> 
     </span>
     <span class='ocr_line' id='line_1_43' title="bbox 222 2354 1199 2399; baseline 0.003 -12"><span class='ocrx_word' id='word_1_281' title='bbox 222 2354 308 2399; x_wconf 84' lang='lat' dir='ltr'>Ipsa</span> <span class='ocrx_word' id='word_1_282' title='bbox 326 2367 391 2399; x_wconf 86' lang='lat' dir='ltr'>ego</span> <span class='ocrx_word' id='word_1_283' title='bbox 410 2358 459 2399; x_wconf 86' lang='lat' dir='ltr'>te,</span> <span class='ocrx_word' id='word_1_284' title='bbox 481 2356 619 2390; x_wconf 87' lang='lat' dir='ltr'>medios</span> <span class='ocrx_word' id='word_1_285' title='bbox 639 2368 753 2399; x_wconf 89' lang='lat' dir='ltr'>quum</span> <span class='ocrx_word' id='word_1_286' title='bbox 773 2355 834 2389; x_wconf 84' lang='lat' dir='ltr'>Sol</span> <span class='ocrx_word' id='word_1_287' title='bbox 853 2357 1056 2390; x_wconf 83' lang='lat' dir='ltr'>accenderit</span> <span class='ocrx_word' id='word_1_288' title='bbox 1076 2360 1199 2399; x_wconf 57' lang='lat' dir='ltr'>festus,</span> 
     </span>
    </p>
   </div>
   <div class='ocr_carea' id='block_1_5' title="bbox 1373 85 1424 123">
    <p class='ocr_par' dir='ltr' id='par_1_6' title="bbox 1373 85 1424 123">
     <span class='ocr_line' id='line_1_44' title="bbox 1373 85 1424 123; baseline 0.059 -3"><span class='ocrx_word' id='word_1_289' title='bbox 1373 85 1424 123; x_wconf 68' lang='lat'>71</span> 
     </span>
    </p>
   </div>
   <div class='ocr_carea' id='block_1_6' title="bbox 1385 184 1426 204">
    <p class='ocr_par' dir='ltr' id='par_1_7' title="bbox 1385 184 1426 204">
     <span class='ocr_line' id='line_1_45' title="bbox 1385 184 1426 204; baseline -0.024 0"><span class='ocrx_word' id='word_1_290' title='bbox 1385 184 1426 204; x_wconf 77' lang='lat'>350</span> 
     </span>
    </p>
   </div>
   <div class='ocr_carea' id='block_1_7' title="bbox 1388 448 1429 468">
    <p class='ocr_par' dir='ltr' id='par_1_8' title="bbox 1388 448 1429 468">
     <span class='ocr_line' id='line_1_46' title="bbox 1388 448 1429 468; baseline -0.024 0"><span class='ocrx_word' id='word_1_291' title='bbox 1388 448 1429 468; x_wconf 50' lang='lat'>3¹55</span> 
     </span>
    </p>
   </div>
   <div class='ocr_carea' id='block_1_8' title="bbox 1388 712 1429 736">
    <p class='ocr_par' dir='ltr' id='par_1_9' title="bbox 1388 712 1429 736">
     <span class='ocr_line' id='line_1_47' title="bbox 1388 712 1429 736; baseline 0 -4"><span class='ocrx_word' id='word_1_292' title='bbox 1388 712 1429 736; x_wconf 77' lang='lat'>37⁰</span> 
     </span>
    </p>
   </div>
   <div class='ocr_carea' id='block_1_9' title="bbox 1389 977 1429 1000">
    <p class='ocr_par' dir='ltr' id='par_1_10' title="bbox 1389 977 1429 1000">
     <span class='ocr_line' id='line_1_48' title="bbox 1389 977 1429 1000; baseline 0 -3"><span class='ocrx_word' id='word_1_293' title='bbox 1389 977 1429 1000; x_wconf 72' lang='lat'><strong><em>¹07⁵</em></strong></span> 
     </span>
    </p>
   </div>
   <div class='ocr_carea' id='block_1_10' title="bbox 1388 1243 1431 1262">
    <p class='ocr_par' dir='ltr' id='par_1_11' title="bbox 1388 1243 1431 1262">
     <span class='ocr_line' id='line_1_49' title="bbox 1388 1243 1431 1262; baseline 0 0"><span class='ocrx_word' id='word_1_294' title='bbox 1388 1243 1431 1262; x_wconf 75' lang='lat'>330</span> 
     </span>
    </p>
   </div>
   <div class='ocr_carea' id='block_1_11' title="bbox 1387 1507 1432 1529">
    <p class='ocr_par' dir='ltr' id='par_1_12' title="bbox 1387 1507 1432 1529">
     <span class='ocr_line' id='line_1_50' title="bbox 1387 1507 1432 1529; baseline 0.044 -2"><span class='ocrx_word' id='word_1_295' title='bbox 1387 1507 1432 1529; x_wconf 67' lang='lat'>335</span> 
     </span>
    </p>
   </div>
   <div class='ocr_carea' id='block_1_12' title="bbox 1389 1771 1430 1792">
    <p class='ocr_par' dir='ltr' id='par_1_13' title="bbox 1389 1771 1430 1792">
     <span class='ocr_line' id='line_1_51' title="bbox 1389 1771 1430 1792; baseline 0 0"><span class='ocrx_word' id='word_1_296' title='bbox 1389 1771 1430 1792; x_wconf 77' lang='lat'>39⁰</span> 
     </span>
    </p>
   </div>
   <div class='ocr_carea' id='block_1_13' title="bbox 1390 2036 1430 2056">
    <p class='ocr_par' dir='ltr' id='par_1_14' title="bbox 1390 2036 1430 2056">
     <span class='ocr_line' id='line_1_52' title="bbox 1390 2036 1430 2056; baseline 0.025 -1"><span class='ocrx_word' id='word_1_297' title='bbox 1390 2036 1430 2056; x_wconf 67' lang='lat'>33³</span> 
     </span>
    </p>
   </div>
   <div class='ocr_carea' id='block_1_14' title="bbox 1389 2300 1431 2320">
    <p class='ocr_par' dir='ltr' id='par_1_15' title="bbox 1389 2300 1431 2320">
     <span class='ocr_line' id='line_1_53' title="bbox 1389 2300 1431 2320; baseline 0.024 -1"><span class='ocrx_word' id='word_1_298' title='bbox 1389 2302 1408 2320; x_wconf 72' lang='grc'>41</span> <span class='ocrx_word' id='word_1_299' title='bbox 1412 2300 1431 2320; x_wconf 71' lang='lat'>»0</span> 
     </span>
    </p>
   </div>
  </div>
 </body>
</html>
