1528 2569
629 92 764 119 LIBER
793 92 852 119 XI.

193 179 389 214 AEternum
407 181 431 213 1,
446 179 563 212 lorum
583 181 620 212 et
638 179 857 222 virginitatis
876 190 1034 213 amorem

192 232 414 265 Intemerata
433 231 519 265 colit
539 244 546 265 ε
577 232 705 264 vellem
724 232 821 265 haud
843 235 1006 275 correpta
1023 232 1151 265 fuisset

192 284 328 318 Militia
346 284 423 326 tali,
446 286 573 317 conata
591 284 761 317 lacessere
781 284 935 318 Teucros
954 296 963 325 ;

193 337 283 371 Cara
301 336 391 369 1111111
410 336 655 379 comitumque
675 337 769 369 foret
787 348 884 370 nunc
903 348 977 370 una
995 347 1166 371 mearum.

192 389 332 422 Verum
351 401 426 432 age,
450 389 746 432 quandoquidem
765 389 850 422 fatis
871 392 1021 432 urgetur
1039 389 1184 432 acerbis,

191 441 342 484 Labere,
366 441 553 484 Nympha,
575 441 668 484 polo,
693 442 855 483 finesque
875 441 990 475 invise
1010 441 1172 484 Latinos,

191 494 318 527 Tristis
337 493 401 527 ubi
419 494 579 526 infausto
598 493 842 527 committitur
861 494 980 527 omine
1000 505 1130 537 pugna.

190 546 282 579 Haec
301 557 399 589 cape,
422 548 459 579 et
478 546 645 579 ultricem
663 546 834 589 pharetra
853 547 1023 589 deprome
1038 546 1208 589 sagittam
1227 559 1235 581 :

189 598 284 639 Hac,
309 599 516 642 quicunque
537 609 677 632 sacrum
697 599 842 632 violarit
863 599 1012 632 vulnere
1032 610 1173 642 corpus,

190 651 279 684 Tros
298 650 474 693 Italusve,
495 651 586 684 mihi
604 651 739 695 pariter
757 651 820 684 det
839 651 1013 694 sanguine
1032 663 1166 695 poenas.

190 703 281 737 Post
300 714 366 747 ego
385 703 482 736 nube
502 706 590 736 cava
609 703 821 737 miserandae
842 715 970 746 corpus
990 706 1026 736 et
1045 715 1146 737 arma

190 755 392 798 Inspoliata
410 755 523 788 feram
543 756 698 798 tumulo,
721 756 922 799 patrieque
941 755 1153 798 reponam.''

189 808 295 842 Dixit
311 820 318 842 :
348 810 386 841 at
405 807 479 850 illa,
501 807 599 841 leves
618 808 700 841 coeli
718 808 864 851 delapsa
882 819 945 851 per
963 819 1080 851 auras,

191 860 374 902 Insonuit,
396 861 498 903 nigro
519 860 740 893 circumdata
759 860 905 894 turbine
926 871 1062 904 corpus.

243 913 295 946 At
313 924 442 946 manus
461 913 600 946 interea
618 913 732 946 muris
751 913 907 956 Trojana
926 912 1160 956 propinquat,

190 964 409 1009 Etruscique
429 965 550 1008 duces,
573 965 812 1009 equitumque
832 965 1010 998 exercitus
1029 966 1159 1009 omnis,

191 1017 390 1061 Compositi
408 1029 560 1051 numero
578 1018 617 1051 in
636 1021 775 1051 tmmas
793 1031 799 1052 :
827 1018 950 1051 fremit
970 1029 1113 1062 aequore
1132 1021 1212 1052 toto

190 1069 379 1103 Insultans
399 1070 553 1114 sonipes,
576 1073 614 1103 et
632 1071 761 1114 pressis
780 1074 918 1114 pugnat
937 1070 1100 1112 habenis,

190 1122 277 1156 Huc
295 1123 468 1156 obversus
488 1125 525 1156 et
543 1122 614 1156 huc
632 1135 653 1162 t¹
668 1126 750 1156 tum
768 1123 842 1156 late
861 1123 999 1155 fmreus
1018 1123 1132 1156 hastis

190 1174 328 1209 Horret
347 1187 442 1218 ager,
465 1176 654 1219 campique
672 1176 781 1208 armis
800 1175 1015 1208 sublimibus
1034 1175 1174 1209 ardent.

190 1227 228 1261 N
231 1239 270 1261 ec
288 1239 362 1261 non
383 1228 572 1271 Messapus
592 1230 728 1270 contra,
753 1228 954 1271 celeresque
974 1227 1108 1271 Latini,

190 1280 240 1314 Et
258 1291 340 1314 cum
360 1281 472 1314 fratre
493 1281 613 1323 Coras,
636 1283 673 1313 et
692 1281 841 1324 virginis
859 1280 916 1314 ala
935 1280 1108 1324 Camillae,

189 1333 346 1367 Adversi
365 1345 490 1376 campo
506 1336 692 1376 apparent,
710 1333 905 1376 hastasque
923 1332 1084 1366 reductis

190 1385 425 1419 Protendunt
444 1386 550 1429 longe
569 1386 719 1428 dextris,
742 1388 779 1419 et
798 1386 934 1429 spicula
952 1385 1099 1418 vibrant
1120 1397 1127 1420 t

191 1437 461 1482 Adventusque
480 1438 613 1481 virum,
635 1438 876 1481 fremitusque
895 1437 1049 1471 ardescit
1068 1448 1255 1481 equorum.

190 1491 351 1535 Jamque
370 1491 469 1524 intra
483 1491 627 1534 jactum
645 1491 710 1524 teli
728 1501 937 1534 progressus
955 1493 1112 1533 uterque

191 1544 413 1578 Substiterat
431 1556 438 1577 :
468 1543 589 1577 subito
609 1546 806 1587 erumpunt
825 1544 992 1585 clamore,
1013 1543 1282 1586 frementesque

188 1597 444 1631 Exhortantur
463 1607 576 1640 equos
596 1608 603 1630 ε
632 1596 796 1629 fundunt
816 1595 925 1629 simul
942 1595 1106 1638 undique
1121 1595 1195 1628 tela

192 1649 337 1692 Crebra,
359 1649 454 1683 nivis
472 1649 548 1682 ritu
568 1661 576 1690 ;
606 1649 811 1692 coelumque
831 1648 1018 1682 obtexitur
1036 1647 1174 1682 umbra.

190 1702 374 1736 Continuo
393 1701 554 1735 adversis
572 1701 780 1745 Tyrrhenus
799 1703 836 1734 et
855 1712 936 1734 acer
955 1702 1142 1734 Aconteus

191 1755 348 1789 Connixi
365 1755 559 1788 incurrunt
577 1754 704 1796 hastiS,
725 1753 906 1797 primique
924 1754 1069 1786 ruinam

190 1807 292 1841 Dant
312 1807 436 1840 sonitu
455 1806 606 1850 ingenti,
631 1807 882 1850 perfractaque
903 1805 1247 1850 quadrupedantum

190 1860 344 1893 Pectora
362 1859 567 1903 pectoribus
584 1861 761 1902 rumpunt
779 1871 785 1892 :
815 1870 985 1892 excussus
1004 1859 1189 1891 Aconteus

190 1912 372 1945 Fulminis
390 1912 428 1945 in
448 1923 598 1955 morem,
616 1915 681 1946 aut
699 1914 882 1945 tormento
902 1910 1070 1954 ponderis
1088 1910 1172 1954 acti,

191 1964 403 2008 Praecipitat
422 1964 541 2008 longe,
560 1967 596 1998 et
615 1964 732 1998 Vitam
751 1964 925 2008 dispergit
944 1964 982 1997 111
1001 1975 1117 1999 auras·

190 2017 385 2060 Extemplo
405 2017 563 2050 turbatae
582 2017 687 2060 acies,
710 2017 877 2060 versique
902 2016 1021 2050 Latini

190 2069 380 2114 Rejiciunt
399 2081 554 2113 parmas,
577 2072 614 2103 et
633 2081 745 2113 equos
764 2070 810 2103 ad
829 2069 966 2102 moenia
986 2070 1134 2103 vertunt
1150 2081 1160 2110 3

190 2122 298 2156 Troes
317 2125 433 2166 agunt
452 2135 458 2157 :
487 2122 654 2166 princeps
672 2126 812 2156 turmas
830 2122 972 2155 inducit
992 2121 1137 2165 AsylaS.

190 2174 351 2218 Jamque
370 2175 665 2218 propinquabant
684 2175 810 2219 portis,
832 2185 1029 2218 rursusque
1049 2173 1172 2208 Latini

191 2227 394 2260 Clamorem
413 2228 564 2270 tollunt,
588 2231 624 2261 et
643 2228 768 2261 mollia
787 2227 878 2261 colla
895 2227 1087 2260 reflectunt
1105 2239 1113 2267 ;

190 2279 245 2313 Hi
263 2279 423 2323 fugiunt,
445 2280 665 2324 penitusque
686 2280 781 2314 datis
799 2280 1009 2314 referuntur
1027 2279 1177 2312 habenis
1193 2291 1201 2314 :

191 2331 317 2375 Qualis
335 2332 401 2367 ubi
418 2332 561 2368 alterno
579 2344 794 2378 procimens
811 2332 956 2377 gurgite
974 2334 1109 2377 pontus

1321 84 1402 121 209

1361 283 1404 303 535

1361 545 1403 565 590

1361 805 1403 827 59³

1362 1068 1404 1088 600

1363 1329 1405 1350 605

1366 1592 1406 1612 fiio

1367 1855 1407 1875 515

1367 2119 1409 2139 ⁶20
