1528 2569
688 130 821 156 LIBER
855 129 911 156 IV.

252 210 426 255 Longius,
448 213 512 245 aut
531 212 685 246 credunt
705 213 808 255 coelo,
830 212 1116 246 adventantibus
1135 213 1241 246 Euris
1260 226 1268 255 ;

253 264 324 298 Sed
343 264 477 298 circum
495 267 587 299 tut-‘e
607 266 674 299 sub
693 266 875 299 moenibus
893 266 993 299 urbis
1012 269 1207 309 aquantur,

252 317 508 362 Excursusque
526 319 653 352 breves
671 322 819 352 tentant
837 332 844 360 ;
873 322 910 352 et
930 330 1023 362 saepe
1042 319 1195 362 lapillos,

252 370 306 404 Ut
325 371 463 414 cymbae
481 371 669 405 instabiles
688 372 802 405 fluctu
817 372 981 415 jactante
1001 372 1201 416 saburram,

251 423 401 457 Tollunt
419 436 425 458 :
454 424 510 457 his
528 436 603 458 sese
622 437 687 468 per
704 425 827 458 inania
846 425 971 458 nubila
989 425 1133 460 librant.

304 477 417 510 Illum
435 477 525 511 adeo
544 478 720 521 placuisse
739 478 867 522 apibus
885 478 1060 511 mirabere
1080 490 1229 522 morem,

253 528 360 570 Quod
379 542 445 564 nec
465 531 661 564 concubitu
680 531 885 575 indulgent,
907 543 974 565 nec
993 543 1140 575 corpora
1160 544 1286 576 segnes

251 582 297 616 In
317 582 498 617 Venerem
517 584 676 626 solvunt,
699 587 763 617 aut
781 585 893 618 foetus
912 584 1058 617 nixibus
1077 585 1193 618 edunt
1211 599 1219 626 ;

252 635 392 669 Verum
411 637 498 680 ipsze
517 648 536 669 0
555 637 651 670 foliis
670 639 775 670 natos
794 640 831 670 et
850 637 1022 670 suavibus
1040 638 1160 671 herbis

252 688 322 722 Ore
340 689 468 732 legunt
486 702 493 723 :
521 690 608 733 ipsae
627 701 747 733 regem
766 701 968 733 parvosque
989 689 1148 730 Quirites

252 740 456 784 Sufficiunt,
477 742 649 786 aulasque
669 744 705 775 et
725 754 826 776 cerea
843 754 955 786 regna
973 743 1168 786 refingunt.

252 794 354 838 Saepe
373 795 484 828 etiam
503 795 603 828 duris
623 795 775 828 errando
794 795 832 829 in
851 796 993 829 cotibus
1012 796 1086 829 alas

250 848 449 891 Attrivffle,
471 848 642 892 ultroque
660 849 819 882 animam
839 849 906 882 sub
927 849 1023 882 fasce
1043 849 1173 882 dedere
1192 862 1199 890 ;

251 900 389 934 Tantus
407 912 508 934 amor
526 902 668 944 florum,
692 904 728 934 et
747 902 944 945 generandi
962 902 1076 946 gloria
1095 903 1222 936 mellis.

250 954 346 997 Ergo
365 954 460 998 ipsas
480 955 646 998 quamvis
665 955 809 997 angusti
828 955 1006 988 terminus
1025 955 1095 988 aevi

251 1006 432 1051 Excipiet,
454 1019 572 1051 neque
593 1008 689 1041 enim
708 1008 790 1051 plus
809 1009 963 1052 septima
981 1008 1129 1041 ducitur
1148 1011 1254 1042 aestas
1270 1022 1280 1051 ;

252 1061 304 1093 At
322 1072 436 1104 genus
456 1060 659 1094 immortale
678 1063 814 1103 manet,
837 1061 1044 1104 multosque
1064 1073 1128 1105 per
1146 1073 1260 1095 annos

253 1113 333 1146 Stat
352 1113 500 1147 fortuna
519 1114 660 1157 domus,
683 1117 719 1147 et
739 1114 798 1147 avi
816 1118 1055 1148 numerantur
1074 1126 1232 1148 avorum.

304 1166 487 1200 Praeterea
505 1178 625 1210 regem
644 1178 719 1200 non
738 1167 788 1200 sic
808 1167 1005 1211 AEgyptus,
1029 1170 1065 1201 et
1084 1168 1212 1211 ingens

252 1218 380 1263 Lydia,
403 1232 469 1253 nec
488 1220 612 1263 populi
633 1220 865 1263 Parthorum,
888 1223 952 1253 aut
972 1220 1106 1254 Medus
1125 1221 1331 1265 Hydaspes,

252 1272 464 1306 Observant.
521 1273 621 1316 Rege
639 1273 825 1316 111001111111,
847 1285 948 1306 mens
968 1274 1137 1307 omnibus
1156 1286 1230 1308 una
1249 1277 1303 1308 est
1322 1289 1329 1316 ;

252 1326 408 1368 Amisso,
430 1326 558 1369 rupere
578 1326 699 1368 fidem,
722 1329 1001 1370 constructaque
1020 1327 1128 1361 mella

251 1378 442 1422 Diripuere
461 1379 560 1422 ipsae,
583 1382 619 1412 et
639 1382 753 1412 crates
772 1379 908 1412 solvere
927 1380 1103 1413 favorum.

251 1432 320 1465 Ille
340 1443 488 1475 operum
509 1434 628 1465 custos
645 1445 654 1473 ;
682 1432 787 1465 illum
806 1432 1044 1475 admirantur,
1067 1435 1104 1466 et
1123 1445 1248 1468 01111103

251 1485 497 1518 Circumstant
515 1485 665 1518 fremitu
684 1485 808 1529 denso,
831 1485 1041 1530 stipantque
1060 1487 1282 1531 frequentes,

250 1538 299 1571 Et
319 1549 412 1582 saepe
432 1538 608 1572 attollunt
626 1538 799 1581 humeris,
822 1541 858 1572 et
878 1550 1026 1582 corpora
1043 1539 1139 1573 bello

251 1591 457 1635 Objectant,
482 1591 743 1635 pulchramque
762 1594 895 1635 petunt
914 1604 978 1636 per
997 1593 1149 1626 vulnera
1167 1596 1331 1628 mortem.

250 1644 321 1677 His
340 1645 489 1688 quidam
508 1645 630 1688 signis,
652 1648 763 1688 atque
783 1645 861 1678 11000
879 1646 1044 1689 exempla
1062 1646 1189 1689 secuti,

249 1697 338 1731 Esse
356 1698 485 1742 apibus
504 1701 645 1742 partem
664 1698 799 1732 divinae
817 1698 963 1741 mentis,
986 1702 1023 1732 et
1041 1699 1194 1732 haustus

250 1751 458 1794 AEthereos,
481 1751 604 1784 dixere
623 1764 629 1786 :
659 1751 780 1785 Deum
799 1763 956 1795 namque
976 1752 1027 1785 ire
1046 1764 1110 1796 per
1129 1765 1254 1786 01111105

249 1803 461 1848 Terrasque,
483 1807 695 1848 tractusque
714 1805 835 1847 maris,
859 1805 1064 1849 coelumque
1083 1806 1316 1849 profundum.

249 1855 348 1890 Hinc
367 1858 535 1901 pecudes,
557 1860 733 1900 armenta,
755 1858 863 1900 Viros,
885 1870 999 1901 genus
1019 1870 1125 1892 omne
1144 1859 1315 1902 ferarum,

250 1909 439 1954 Quemque
460 1911 529 1944 sibi
547 1913 676 1944 tenues
695 1914 903 1944 nascentem
923 1922 1097 1945 arcessere
1117 1912 1220 1946 vitas.

250 1963 392 1997 Scilicet
411 1964 483 1997 huc
500 1963 605 1997 reddi
623 1964 768 2007 deinde,
790 1975 831 1997 ac
849 1964 1010 1998 resoluta
1027 1965 1164 2007 referri,

249 2016 381 2050 Omnia
397 2029 406 2058 3
434 2028 501 2050 nec
519 2017 630 2050 morti
648 2028 723 2050 esse
742 2017 862 2051 locum
880 2030 888 2059 3
918 2017 981 2050 sed
1000 2018 1085 2051 viva
1103 2018 1225 2051 volare

249 2069 384 2103 Sideris
402 2069 440 2102 in
460 2081 666 2113 numerum,
688 2072 798 2113 atque
817 2070 892 2103 alto
911 2071 1100 2104 succedere
1120 2071 1208 2104 coele

302 2122 340 2157 Si
359 2123 505 2167 quando
525 2123 648 2156 sedem
667 2125 871 2166 augustam,
895 2126 1109 2167 servataque
1128 2124 1237 2157 mella

247 2176 439 2210 Thesauris
457 2176 599 2219 relines,
622 2176 723 2219 prius
742 2176 877 2209 haustu
896 2187 1041 2219 sparsus
1060 2188 1237 2221 aquarum

247 2228 320 2263 Ora
338 2230 432 2272 fove,
455 2229 647 2273 fumosque
666 2240 778 2262 manu
797 2229 983 2273 praetende
1003 2241 1181 2273 sequaces.

247 2282 310 2316 Bis
329 2282 498 2326 gravidos
518 2284 653 2326 cogunt
673 2283 785 2315 foetus
803 2295 810 2323 ;
839 2282 912 2315 duo
931 2284 1095 2326 tempora
1113 2283 1238 2316 messis
1254 2295 1261 2317 ε

246 2335 404 2380 Taygete
423 2335 531 2369 simul
549 2347 588 2369 os
608 2335 713 2368 terris
732 2334 894 2368 ostendit
912 2334 1108 2369 honestum

247 2388 378 2432 Pleias,
400 2391 437 2422 et
457 2388 590 2422 Oceani
609 2390 747 2432 spretos
766 2387 858 2433 pede
877 2388 1036 2432 reppulit
1054 2400 1179 2422 amnes
1195 2402 1206 2426 ;

1406 121 1456 155 (57

1421 374 1459 394 195

1419 902 1458 922 203

1420 1168 1460 1187 *210

1418 1432 1459 1452 213

1418 1699 1459 1720 220

1417 1964 1457 1984 '225
