1559 2584
144 57 224 94 loz

619 69 807 96 VIRGILII
836 68 992 96 AENEIS.

247 156 348 191 Hinc
365 156 556 201 Augustus
573 168 683 201 agens
702 157 817 192 Italos
835 157 875 192 in
893 156 1017 202 praelia
1037 156 1157 192 Gaesar

248 210 341 244 Cum
359 210 537 254 patribus,
559 210 781 255 populoque,
804 210 1016 254 Penatibus,
1039 212 1077 244 et
1095 209 1237 255 magnis
1255 209 1335 254 Dis,

247 263 356 297 Stans
375 263 469 297 celsa
485 263 525 296 in
543 263 657 307 puppi
673 276 682 305 3
710 263 872 308 geminas
891 263 951 298 cuj
968 266 1134 308 tempora
1152 265 1317 298 flammas

248 315 352 349 Laeta
368 317 537 359 vomunt,
558 316 791 361 patriumque
810 316 973 360 aperitur
990 316 1126 351 vertice
1145 316 1256 351 sidus.

247 369 359 402 Parte
379 369 464 413 alia,
485 370 606 403 ventis
626 372 663 403 et
681 369 749 403 Dis
767 369 930 413 Agrippa
948 369 1116 404 secundis

246 421 409 465 Arduus,
431 434 561 466 agmen
580 434 690 466 agens
708 435 715 457 :
745 422 815 466 cui,
838 422 925 456 belli
942 421 1083 467 insigne
1103 422 1313 468 superbum,

247 475 425 519 Tempora
443 475 565 509 navali
583 476 729 519 fulgent
747 478 904 510 rostrata
923 477 1062 510 corona.

247 527 347 561 Hine
366 539 433 573 ope
452 528 639 563 barbarica
657 529 839 573 variisque
858 528 1044 563 Antonius
1062 528 1173 563 armis

247 580 377 615 Victor
395 581 441 615 ab
460 582 613 615 Aurorae
632 582 777 626 populis
796 584 833 615 et
851 581 974 616 littore
992 581 1103 616 rubro

246 634 466 678 AEgyptum,
489 635 656 679 viresque
677 635 850 678 Orientis,
872 642 909 669 et
928 635 1061 669 ultima
1079 646 1201 669 secum

247 687 379 721 Bactra
398 688 500 722 vehit
517 701 525 730 ;
555 688 792 733 sequiturque
813 688 929 733 (nefas
946 689 969 733 !)
990 688 1168 732 AEgyptia
1188 688 1268 734 conj
1275 700 1335 723 ux.

247 740 333 774 Una
351 752 476 775 omnes
495 753 611 785 ruere,
632 753 673 776 ac
691 745 815 776 totum
833 753 1013 786 spumare,
1036 741 1196 775 reductis

247 793 472 828 convulsum
490 795 599 828 remis
618 795 817 839 rostrisque
835 795 1070 838 tridentibus,
1094 806 1227 839 aequor.

246 847 335 881 Alta
352 850 487 891 petunt
505 860 512 882 :
541 848 668 892 pelago
688 848 811 882 credas
830 848 956 882 innare
974 848 1137 882 revulsas

247 899 434 943 Cycladas,
456 903 521 934 aut
541 904 683 934 montes
703 913 914 935 concurrere
933 901 1120 935 montibus
1139 901 1232 935 altos
1251 913 1260 938 :

246 953 364 987 Tanta
383 954 478 987 mole
497 954 566 987 viri
585 954 728 988 turritis
747 955 930 998 puppibus
948 955 1098 988 instant.

247 1006 383 1050 Stupea
401 1007 547 1040 flamma
565 1019 689 1050 manu,
711 1007 868 1051 telisque
887 1007 1035 1041 volatile
1053 1007 1192 1041 ferrum

246 1059 437 1103 Spargitur
453 1073 462 1102 ;
490 1071 577 1093 arva
596 1062 692 1094 nova
710 1060 901 1104 Neptunia
921 1060 1018 1094 caede
1036 1061 1245 1094 rubescunt.

246 1112 388 1156 Regina
406 1113 445 1146 in
464 1113 593 1146 mediis
612 1113 731 1157 patrio
750 1115 857 1147 vocat
875 1113 1021 1157 agmina
1039 1113 1147 1147 sistro
1164 1127 1172 1155 ;
1229 1117 1233 1122 ⁴

246 1165 417 1199 Necdum
436 1166 547 1199 etiam
565 1166 730 1210 geminos
748 1178 770 1200 a
788 1169 890 1210 tergo
910 1166 1056 1210 respicit
1075 1177 1219 1211 angues.

245 1218 564 1263 Omnigenumque
583 1220 704 1253 Deum
722 1222 898 1263 monstra,
921 1222 957 1253 et
976 1220 1129 1253 latrator
1148 1219 1303 1263 Anubis,

246 1271 383 1306 Contra
402 1272 621 1316 Neptunum
641 1275 677 1306 et
697 1272 891 1317 Venerem,
914 1275 1113 1318 contraque
1133 1273 1342 1307 Minervam

246 1325 333 1362 Tela
351 1328 480 1362 tenent
499 1338 505 1362 :
534 1326 638 1362 saevit
657 1326 778 1362 medio
796 1327 835 1361 in
855 1327 1051 1363 certamine
1071 1327 1220 1362 Mavors

246 1381 405 1417 Caelatus
424 1382 531 1427 ferro,
553 1383 750 1427 tristesque
769 1395 816 1417 ex
834 1383 967 1417 aethere
987 1382 1086 1416 Dirae
1105 1394 1112 1418 :

246 1436 296 1470 Et
316 1436 427 1471 scissa
445 1437 609 1481 gaudens
628 1437 730 1470 vadit
749 1436 940 1470 Discordia
958 1436 1058 1480 palla
1074 1448 1083 1477 ;

246 1488 365 1530 Quam
385 1501 469 1523 cum
488 1490 686 1534 sanguineo
705 1490 872 1534 sequitur
891 1489 1045 1523 Bellona
1063 1488 1215 1533 flagello.

243 1543 386 1586 Actius,
409 1542 487 1577 haee
506 1555 666 1587 cernens,
691 1554 815 1577 arcum
833 1542 1050 1576 intendebat
1069 1541 1203 1586 Apollo

244 1595 410 1640 Desuper
428 1609 434 1631 :
463 1597 581 1630 omnis
601 1608 643 1630 eo
661 1598 798 1630 terrore
818 1595 1016 1640 AEgyptus,
1039 1598 1077 1629 et
1096 1593 1194 1639 Indi,

246 1649 375 1683 Omnis
394 1649 524 1693 Arabs,
547 1661 672 1683 omnes
691 1649 884 1683 vertebant
903 1652 1006 1693 terga
1025 1648 1152 1682 Sabaei.

245 1702 331 1746 Ipsa
348 1703 544 1736 videbatur
562 1702 683 1736 ventis
701 1702 826 1746 regina
844 1702 982 1736 vocatis

245 1755 340 1790 Vela
358 1755 456 1799 dare,
478 1758 516 1789 et
534 1755 637 1789 laxos
652 1755 730 1799 jam
745 1756 896 1800 jamque
915 1754 1096 1788 iminitere
1114 1754 1230 1789 funes,

245 1809 354 1843 Illam
372 1809 469 1842 inter
488 1809 616 1852 eredes,
638 1809 838 1852 pallentem
857 1815 975 1842 morte
994 1808 1133 1851 futura,

244 1862 396 1896 Fecerat
413 1862 621 1906 ignipotens
640 1862 750 1895 undis
769 1864 805 1895 et
826 1862 962 1906 Iapyge
981 1861 1067 1894 ferri
1083 1874 1092 1902 3
1138 1873 1149 1886 ⁷

244 1915 381 1949 Contra
398 1918 523 1949 autem
542 1927 674 1958 magno
695 1917 911 1949 moerentem
931 1926 1077 1958 corpore
1097 1913 1240 1957 Nilum,

244 1968 548 2012 Pandentemque
568 1968 681 2011 sinus,
703 1971 740 2002 et
759 1970 839 2002 tota
858 1971 960 2002 veste
979 1969 1171 2001 vocantem

243 2020 454 2056 Ooeruleum
471 2021 510 2054 in
530 2021 710 2065 gremium
728 2021 982 2065 latebrosaque
1002 2020 1154 2054 flumina
1172 2019 1297 2053 victos.

243 2075 296 2108 At
316 2074 449 2117 Caesar,
470 2074 607 2118 triplici
626 2074 795 2108 invectus
815 2075 983 2108 Romana
1001 2073 1189 2116 triumpho

243 2127 396 2171 Moenia,
419 2128 486 2161 Dis
505 2128 612 2161 Italis
630 2130 759 2162 votum
778 2127 983 2161 immortale
1003 2126 1178 2168 sacrabat,

244 2180 409 2214 Maxima
427 2182 484 2214 ter
503 2183 651 2215 eentum
669 2184 788 2215 totam
807 2181 959 2214 delubra
977 2191 1042 2224 per
1060 2179 1197 2212 urbem.

243 2232 392 2267 Laetitia
409 2233 579 2278 ludisque
598 2234 667 2268 viae
686 2234 891 2278 plausuque
911 2232 1117 2267 fremebant
1134 2244 1141 2266 :

242 2285 422 2320 Omnibus
440 2286 479 2319 in
498 2287 646 2330 templis
664 2289 824 2321 matrum
843 2287 985 2328 chorus,
1008 2285 1177 2319 omnibus
1195 2294 1261 2318 ara’

245 2338 342 2373 Ante
360 2350 440 2373 aras
458 2341 592 2373 terram
612 2340 695 2374 caesi
713 2340 872 2374 stravere
886 2338 1045 2384 juvenci.

1415 260 1459 282 (ΘΟ

1418 525 1461 546 685

1415 790 1458 812 690

1415 1057 1458 1079 ⁶95

1416 1587 1459 1614 70⁵

1415 1853 1459 1880 710

1415 2118 1456 2144 m
