1559 2584
117 59 195 96 154
585 71 772 98 vmernn
800 71 956 99 AEnnis.

220 157 393 202 Quisquis
411 157 450 192 in
469 170 570 192 arma
588 170 703 193 vocas.
711 158 732 176 ’'
768 154 849 203 ¹Et,
871 159 922 193 sic
941 160 1084 204 effatus,
1106 160 1153 194 a-*l
1173 161 1310 196 undam

219 211 414 250 Processit,
435 223 651 256 summoque
669 211 793 246 hausit
811 212 856 246 de
875 213 1018 256 gurgite
1037 213 1217 259 lymphas,

219 264 344 299 Multa
363 264 460 298 Deos
479 275 606 307 orans;
635 265 873 309 oneravitque
892 266 1031 300 aethera
1048 267 1153 301 votis.

272 316 433 361 Jamque
452 317 570 351 omnis
589 318 724 361 campis
742 318 924 352 exercitus
943 318 1020 352 ibat
1039 320 1186 364 apertis,
1409 318 1437 340 ²⁵

218 370 332 405 Dives
350 370 499 414 equum,
522 370 625 404 dives
642 371 754 415 picta'i'
772 371 884 405 vestis
903 373 941 405 et
960 372 1047 407 auri.

217 420 414 468 BIessapus
431 424 568 468 primas
585 424 690 468 acies,
712 426 895 468 postrema
913 427 1078 459 coercent

219 476 409 520 Tyrrhidae
422 476 579 521 juvenes
596 490 604 519 ;
632 477 754 511 medio
772 477 850 511 dux
869 478 1012 521 agmine
1032 478 1176 512 Turnus

219 528 391 564 Vertitur
408 541 509 564 arma
526 532 669 575 tenenS,
690 533 729 564 et
746 533 827 565 toto
846 531 982 565 vertice
1002 543 1110 575 supra
1129 534 1184 566 est
1200 544 1209 568 ς

219 582 296 617 Ceu
315 585 455 627 septem
474 595 625 628 surgens
643 583 780 618 sedatis
798 584 966 618 amnibus
985 584 1081 618 altus
1410 584 1440 604 ³⁰

220 636 293 670 Per
309 636 465 670 tacitum
485 636 630 681 Ganges
647 651 655 679 ;
683 640 748 671 aut
766 637 894 681 pingui
913 637 1063 671 flumine
1083 637 1206 682 Nilus,

220 689 344 730 Quum
361 689 484 724 refluit
503 690 650 734 campiS,
673 693 710 724 et
724 690 803 734 jam
821 702 858 724 se
878 690 1043 724 condidit
1061 691 1174 726 alveo.

219 742 293 776 Hic
312 743 472 777 subitam
491 743 595 787 nigro
613 743 805 788 glomerari
824 744 973 788 pulvere
993 744 1130 777 nubem

220 794 457 840 Prospiciunt
477 797 618 840 Teucri,
641 808 682 830 ac
700 797 869 831 tenebras
888 797 1074 841 insurgere
1094 797 1239 842 campis.

219 848 367 883 Primus
386 850 432 883 ab
450 850 604 884 adversa
622 850 824 884 conclamat
842 850 937 884 mole
958 850 1084 884 Caicus
1103 863 1110 885 :
1410 849 1439 869 ³⁵

224 905 250 920 ‘⁶
264 901 353 943 Quis
371 903 512 947 globus,
535 915 556 937 o
576 903 684 947 cives,
708 903 861 948 caligine
881 903 1043 937 volvitur
1061 904 1167 938 atra?

220 955 330 989 Ferte
350 956 414 990 citi
432 956 582 1000 ferrum,
605 956 691 991 date
710 957 796 1000 tela,
819 957 982 990 scandite
1001 968 1124 990 muros
1143 969 1149 991 :

220 1008 351 1042 Hostis
369 1009 486 1052 adest,
509 1009 566 1053 eja
585 1009 626 1044 !''
681 1009 829 1054 Ingenti
848 1010 1002 1043 clamore
1021 1021 1086 1053 per
1105 1021 1229 1044 omnes

220 1061 395 1096 Condunt
414 1074 451 1095 se
471 1063 600 1096 Teucri
618 1065 753 1107 portas,
775 1065 812 1096 et
831 1063 968 1096 moenia
986 1063 1177 1107 complent.

220 1114 392 1159 Namque
411 1115 464 1149 ita
483 1115 673 1149 discedens
691 1118 912 1160 praeceperat
931 1116 1091 1159 optimus
1110 1116 1219 1149 armis
1411 1115 1440 1135 ‘¹⁰

219 1168 358 1202 AEneas
378 1181 387 1210 3
416 1168 446 1202 si
465 1181 538 1213 qua
556 1169 697 1203 interea
714 1169 864 1203 fortuna
881 1168 1023 1212 fuisset,

219 1221 280 1255 Ne
299 1224 438 1256 struere
458 1222 635 1256 auderent
654 1223 780 1266 aciem,
802 1234 875 1255 neu
894 1222 1038 1256 credere
1058 1233 1185 1266 campo
1205 1235 1214 1265 3

221 1275 347 1309 Castra
365 1275 475 1309 modo
495 1278 532 1309 et
551 1278 652 1310 tutos
672 1278 860 1309 servarent
879 1287 1007 1319 aggere
1027 1287 1160 1310 muros.

218 1328 328 1373 Ergo,
350 1328 419 1362 etsi
438 1329 599 1363 conferre
618 1341 767 1363 manum
786 1329 905 1373 pudor
922 1329 1048 1372 iraque
1067 1331 1260 1374 monstrat,

221 1382 412 1426 Objiciimt
430 1385 555 1427 portas
573 1385 710 1426 tamen,
734 1385 770 1416 et
790 1385 971 1426 praecepta
989 1382 1186 1426 facessunt,

219 1435 438 1480 Armatique
459 1436 554 1470 cavis
576 1438 789 1479 exspectant
808 1436 974 1469 turribus
991 1435 1144 1469 hostem.

271 1489 428 1532 Turnus,
450 1492 494 1522 ut
512 1490 725 1523 antevolans
743 1489 892 1522 tardum
910 1491 1141 1533 praecesserat
1159 1500 1302 1533 agmen,

218 1541 365 1586 Viginti
382 1542 486 1576 lectis
505 1543 673 1586 equitum
693 1542 899 1586 comitatus,
923 1544 960 1575 et
979 1542 1062 1575 urbi

220 1595 448 1639 Improvisus
468 1596 573 1629 adest
590 1609 598 1637 3
627 1596 779 1629 maculis
799 1607 907 1640 quem
927 1595 1101 1629 Thracius
1120 1595 1212 1629 albis

217 1648 349 1682 Portat
369 1661 496 1694 equus,
520 1649 701 1693 cristaque
721 1649 813 1693 tegit
832 1649 935 1693 galea
954 1661 1063 1682 aurea
1082 1648 1193 1682 rubra
1212 1660 1218 1682 :

221 1703 247 1720 “
263 1702 398 1746 Ecquis
418 1703 487 1736 erit
505 1714 661 1746 mecum,
680 1702 864 1746 juvenes?
893 1702 957 1746 qui
976 1702 1116 1746 primus
1135 1702 1174 1735 in
1193 1701 1338 1735 hostem
1353 1701 1366 1735 ’.ἶ

217 1755 277 1789 En
294 1757 300 1789 ἔ
315 1755 334 1772 ''
365 1756 417 1789 ait
438 1769 444 1790 :
474 1758 511 1789 et
527 1755 692 1799 jaculum
712 1758 928 1799 attorquens
947 1755 1084 1788 emittit
1104 1755 1142 1788 in
1162 1766 1281 1798 auras,

218 1808 447 1852 Principium
466 1820 601 1853 pugnae
619 1822 626 1851 ;
655 1811 692 1842 et
713 1821 839 1853 campo
859 1820 935 1842 sese
956 1802 1093 1842 arduus
1111 1808 1233 1842 infert.

216 1862 382 1895 Clamore
402 1862 589 1906 excipiunt
609 1862 707 1905 socii,
730 1862 954 1906 fremituque
975 1863 1182 1906 sequuntur

218 1915 422 1949 Horrisono
440 1929 446 1950 :
476 1915 656 1949 Teucrum
675 1916 856 1949 mirantur
874 1915 1007 1949 inertia
1026 1915 1135 1949 corda
1154 1928 1163 1956 ;

218 1968 257 2002 N
259 1980 307 2002 on
327 1981 434 2013 aequo
454 1969 541 2003 dare
562 1981 598 2002 se
620 1980 759 2013 campo,
782 1980 856 2002 non
878 1968 986 2002 obvia
1004 1968 1097 2001 ferre

216 2022 332 2055 Arma
350 2022 447 2056 viros
464 2035 472 2064 3
502 2022 565 2056 sed
585 2025 702 2056 castra
720 2023 852 2055 fovere.
914 2021 1001 2055 Huc
1018 2021 1190 2055 turbidus
1208 2023 1320 2066 atque
1338 2021 1410 2055 huc

217 2075 368 2109 Lustrat
388 2087 481 2120 equo
500 2087 636 2119 muros,
659 2075 874 2119 aditumque
894 2086 957 2119 per
976 2075 1058 2109 avia
1077 2074 1210 2118 quz‘erit
1227 2087 1234 2108 z

217 2128 272 2162 Ac
293 2128 426 2173 (veluti
444 2129 553 2173 pleno
570 2129 680 2173 lupus
699 2129 894 2162 insidiatus
914 2128 1013 2171 ovili,

219 2181 343 2222 Quum
361 2182 485 2215 fremit
504 2182 551 2216 ad
571 2182 704 2226 caulas,
727 2185 857 2216 ventos
875 2192 1065 2226 perpessus
1085 2183 1121 2214 et
1141 2180 1286 2226 imbres,

217 2233 339 2268 Nocte
359 2246 467 2279 super
485 2235 608 2269 media
625 2249 633 2278 3
661 2235 736 2269 tuti
755 2235 822 2269 sub
842 2234 1020 2268 matribus
1040 2234 1123 2277 agni

218 2286 392 2321 Balatum
411 2291 582 2322 exercent
600 2302 607 2330 3
636 2289 697 2322 ille
717 2299 820 2332 asper
839 2290 876 2322 et
895 2287 1081 2331 improbus
1100 2287 1155 2321 ira

219 2340 333 2377 Saevit
351 2341 390 2375 in
409 2341 577 2375 absentes
596 2355 602 2376 :
632 2342 783 2376 collecta
803 2342 934 2385 fatigat
954 2339 1088 2374 edendi

1411 1381 1439 1402 45

1409 1647 1438 1667 50

1410 1913 1438 1934 δᾶ

1410 2178 1439 2199 60
