1528 2569
644 76 777 106 misni<
803 79 856 107 VI.
1350 73 1364 110 ]
1377 74 1426 109 07

226 164 368 200 Scilicet
385 163 424 200 id
442 177 615 210 magnum
634 179 780 211 sperans
798 168 874 201 fore
892 179 1026 202 munus
1044 169 1195 213 amanti,

222 218 272 252 Et
288 220 422 253 famam
440 220 607 263 extingui
625 224 790 254 veterum
809 221 858 254 816
876 232 979 264 posse
997 221 1184 257 malorum.

223 271 320 312 Quid
338 283 460 306 moror
472 273 483 306 2
512 273 720 316 irrumpunt
739 274 899 307 thalamo
917 287 925 315 ;
954 285 1071 307 comes
1090 274 1239 308 additur
1258 287 1331 310 una

223 323 401 358 Hortator
419 325 593 359 scelerum
612 326 786 360 AEolides.
846 326 903 370 Di,
927 326 1016 360 talia
1035 326 1153 361 Graiis

221 377 442 420 Iustam-ate,
464 378 524 422 pio
544 378 574 411 si
593 389 724 422 poenas
744 390 804 412 ore
821 391 980 423 reposco.

221 429 292 464 Sed
310 433 347 464 te
367 431 430 475 qui
448 431 573 464 vivum
592 443 707 475 casus,
729 444 804 475 age,
827 433 901 466 fare
921 433 1090 476 vicissim,

221 483 427 517 Attulerint
446 497 452 518 :
481 483 645 528 Pela-gine
663 485 765 518 venis
783 485 962 519 erroribus
980 486 1107 520 aetus?

220 536 281 570 An
300 537 444 570 monitu
462 537 621 571 Divum?
649 549 695 571 an
715 549 798 581 quae
817 540 854 572 te
874 539 1024 572 fortuna
1041 538 1184 583 fatigat,

221 588 274 622 Ut
292 589 415 623 tristes
434 590 510 623 sine
530 589 604 623 sole
622 589 758 633 domos,
781 591 859 625 loca
877 591 1034 634 turbida,
1057 591 1174 625 adires
1190 589 1238 626 '2’'

220 641 302 676 Hac
320 642 397 676 vice
416 653 623 676 sermonum
641 643 751 676 roseis
769 643 912 677 Aurora
930 644 1115 687 quadrigis

219 694 246 727 J
247 706 305 728 am
325 695 485 728 mediiun
504 695 661 728 aethereo
681 707 787 729 cursu
805 696 998 740 trajecerat
1017 708 1123 730 axem
1139 710 1147 738 3

218 747 268 780 Et
286 747 360 781 fors
379 759 484 781 omne
504 748 632 781 datum
650 748 836 781 traherent
855 760 919 792 per
937 749 1027 782 talia
1040 751 1184 792 tempus
1203 763 1211 791 3

220 799 290 833 Sed
309 811 427 834 comes
446 800 648 843 admonuit,
669 800 899 845 breviterque
917 802 1027 834 affata
1039 801 1177 845 Sibylla
1196 805 1250 836 est
1269 815 1278 838 ε

221 854 246 871 “
262 853 350 886 Nox
367 853 454 896 ruit,
477 853 608 896 AEnea,
630 864 696 886 nos
715 853 834 887 fiendo
853 854 1019 887 ducimus
1038 854 1152 888 horas.

217 905 291 939 Hic
308 906 408 940 106118
427 909 494 948 est,
516 908 636 949 partes
655 906 718 940 ubi
737 918 773 940 se
794 906 853 940 via
870 907 978 940 findit
996 907 1035 940 in
1055 907 1178 941 ambas
1197 921 1204 942 :

217 958 389 1002 Dextera,
408 971 489 1003 quae
508 958 605 993 Ditis
623 959 745 1003 magni
763 959 830 993 sub
848 960 983 993 moenia
1001 960 1122 993 tendit
1138 973 1146 1001 ;

218 1011 300 1044 Hac
318 1012 388 1045 iter
406 1012 571 1055 Elysium
589 1012 694 1046 nobis
715 1025 721 1046 :
750 1015 788 1046 at
807 1012 899 1046 laeva
916 1013 1095 1046 malorum

217 1064 371 1098 Exercet
390 1076 524 1108 poenas,
549 1068 585 1098 et
605 1065 651 1098 ad
669 1065 780 1108 impia
799 1065 948 1099 Tartara
967 1066 1092 1099 mittit.
1100 1065 1121 1082 '⁷

217 1117 430 1161 Deiphobus
449 1121 596 1153 contra:
632 1119 655 1135 ‘⁶
668 1118 728 1151 Ne
748 1118 846 1161 saevi,
869 1130 1000 1162 magna
1020 1119 1184 1152 sacerdos
1202 1131 1209 1154 :

217 1170 422 1213 Discedam,
445 1171 597 1214 explebo
616 1182 820 1214 numerum,
842 1171 1045 1215 reddarque
1064 1172 1231 1206 tenebris.

218 1222 248 1265 I,
274 1223 394 1266 decus,
417 1224 442 1266 i,
464 1227 633 1257 nostrum
651 1236 657 1258 :
686 1223 894 1257 melioribus
912 1227 1014 1257 utere
1034 1223 1155 1258 fatis.'’

217 1275 374 1310 Tantum
395 1277 534 1319 effatus,
559 1281 595 1310 et
614 1277 653 1309 in
672 1276 782 1310 verbo
802 1276 953 1320 vestigia
971 1277 1087 1311 torsit.

270 1329 432 1373 Respicit
451 1329 586 1363 iEneas
606 1329 738 1371 subito,
761 1331 798 1362 et
817 1330 884 1362 sub
903 1341 992 1373 rupe
1011 1330 1158 1364 sinistra

217 1382 358 1415 Moenia
378 1383 452 1416 lata
470 1382 583 1425 videt,
605 1382 741 1426 triplici
760 1382 981 1416 circumdata
999 1394 1103 1416 muro
1124 1396 1130 1417 :

216 1434 306 1475 Quae
324 1435 472 1478 rapidus
490 1435 644 1469 flammis
663 1435 778 1468 ambit
797 1435 1020 1469 torrentibus
1039 1435 1156 1469 amnis

216 1488 406 1521 Tartareus
425 1487 664 1531 Phlegethon,
686 1490 906 1532 torquetque
925 1489 1092 1522 sonantia
1111 1499 1205 1522 saxa.

214 1540 326 1574 Porta
345 1541 495 1575 adversa
513 1541 650 1584 ingens,
675 1540 863 1584 solidoque
882 1541 1077 1575 adamante
1097 1542 1275 1575 columnte
1295 1553 1304 1583 ;

213 1593 281 1627 Vis
298 1596 342 1627 ut
359 1594 462 1628 nulla
478 1594 611 1637 virsun,
633 1605 706 1627 non
725 1594 794 1637 ipsi
812 1594 1022 1628 exscindere
1039 1595 1134 1628 ferro

213 1646 393 1680 Coelioolae
413 1647 558 1680 valeant
579 1660 584 1681 :
614 1649 688 1680 stat
707 1646 822 1680 ferrea
839 1647 951 1680 turris
970 1647 1017 1680 ad
1036 1659 1141 1681 auras
1162 1660 1169 1682 :

213 1698 479 1744 Tisiphoneque
499 1700 637 1742 sedens,
659 1699 756 1743 palla
776 1700 958 1733 succincta
977 1702 1139 1743 cruenta,

212 1751 446 1786 Vestibulum
465 1753 645 1786 exsomnis
664 1754 783 1786 servat
801 1755 998 1796 noctesque
1017 1753 1175 1796 diesque.

214 1804 313 1839 Η1116
333 1805 496 1838 exaudiri
515 1805 682 1848 gemitus,
706 1807 742 1837 et
761 1816 856 1838 saeva
874 1817 1000 1839 sonare

212 1856 375 1892 Verbera
400 1870 406 1892 :
435 1861 516 1891 tum
536 1858 669 1891 stridor
687 1857 784 1899 ferri,
806 1860 1007 1901 tractaeque
1026 1860 1173 1892 catenae.

212 1909 386 1944 Constitit
406 1910 554 1953 EEneas,
577 1910 840 1954 strepitumque
859 1911 1055 1944 exterritus
1074 1911 1195 1944 hausit
1212 1924 1220 1947 ε

215 1965 241 1981 “
255 1963 344 2004 Quae
363 1964 537 1997 scelerum
556 1963 677 2005 facies,
700 1975 720 1996 o
740 1964 852 2006 virgo,
875 1963 994 2006 effare,
1017 1964 1195 2007 quibusve

211 2016 398 2061 Urge-ntur
416 2016 532 2060 poenis
550 2015 562 2049 2
590 2016 670 2060 quis
690 2018 816 2049 tantus
834 2016 986 2059 plangor
1003 2016 1050 2050 ad
1069 2028 1175 2050 auras
1186 2016 1223 2050 2²⁷

210 2069 303 2103 Tum
321 2072 424 2103 vates
442 2069 492 2102 sic
511 2080 590 2102 orsa
607 2068 711 2112 loqui
729 2081 736 2103 ε
768 2070 794 2086 “
809 2068 895 2102 Dux
914 2069 1051 2112 inclyte
1065 2069 1256 2114 Teucrum,

209 2122 317 2156 Nulli
335 2123 389 2156 fas
409 2124 506 2156 casto
526 2122 739 2155 sceleratum
758 2121 922 2154 insistere
941 2122 1053 2155 limen
1073 2135 1081 2163 ;

210 2176 281 2209 Sed
299 2186 370 2218 me,
392 2186 507 2219 quum
526 2175 617 2208 111618
636 2174 775 2207 Hecate
795 2175 955 2218 praefeeit
974 2175 1142 2218 Avernis,

210 2228 295 2272 Ipsa
309 2228 429 2262 Deum
448 2239 575 2271 poenas
595 2227 728 2269 docuit,
753 2238 888 2271 perque
907 2228 1028 2261 omnia
1047 2227 1165 2261 duxit.

209 2281 384 2315 Gnossius
402 2281 480 2314 haec
498 2280 802 2314 Rhadamanthus
820 2280 929 2314 habet
947 2280 1139 2314 durissima
1157 2292 1280 2325 regna,

210 2333 455 2378 Castigatque,
476 2333 651 2377 auditque
671 2333 784 2378 dolos,
807 2333 1013 2378 subigitque
1032 2334 1139 2367 fateri

1387 380 1427 400 5:30

1385 644 1427 664 535

1385 907 1426 927 5⁴0

1383 1171 1424 1191 5⁴5

1383 1435 1425 1454 550

1382 1699 1423 1718 55⁵

1375 2227 1416 2247 565
