1528 2569
670 90 807 118 LIBER
837 89 865 117 1.

220 180 288 215 Ter
306 178 440 214 circum
459 178 588 213 Iliacos
606 181 813 223 raptaverat
831 178 993 212 Hectora
1010 190 1145 223 muros,

218 233 511 276 Exanimumque
530 244 617 266 auro
637 243 766 276 corpus
784 232 966 266 vendebat
986 232 1154 266 Achilles.

220 286 310 320 Tum
333 297 416 319 vero
433 285 620 329 ingentem
638 285 815 329 gemitum
834 285 897 319 dat
916 287 1060 329 pectore
1079 285 1124 319 ab
1144 285 1228 328 imo,

220 338 273 373 Ut
292 338 417 383 spolia,
439 341 482 371 ut
501 350 638 382 currus,
659 342 775 381 utque
793 338 913 381 ipsum
933 349 1061 382 corpus
1080 338 1187 372 amici

219 391 516 435 Tendentemque
534 403 663 425 manus
682 391 870 424 Priamum
890 391 1076 435 conspexit
1095 391 1258 425 inermes.

221 444 266 478 Se
285 456 430 489 quoque
449 444 671 488 principibus
690 444 913 488 permixtum
931 444 1079 487 agnovit
1098 444 1261 487 Achivis,

218 497 385 542 ansque
403 498 508 540 acies,
530 501 566 530 et
585 497 679 541 nigri
697 497 905 530 Memnonis
923 508 1031 530 arma.

219 551 332 585 Ducit
350 550 615 583 Amazonidum
633 550 770 583 lunatis
787 550 932 593 agmina
950 549 1058 592 peltis

220 603 452 637 Penthesilea
469 603 604 646 furens,
626 602 826 646 mediisque
844 603 882 635 in
900 602 1060 635 millibus
1079 601 1194 646 ardet,

219 658 341 690 Aurea
359 656 576 689 subnectens
594 658 745 688 exsertae
765 655 908 698 cingula
926 666 1106 698 mammae,

219 708 409 751 Bellatrix,
427 708 609 752 audetque
628 708 714 740 viris
733 719 943 741 concurrere
962 707 1071 751 virgo.

272 761 364 794 Haec
382 761 471 794 dum
489 760 674 794 Dardanio
693 760 823 793 AEneae
842 760 1006 793 miranda
1025 759 1210 804 videntur,

218 815 318 848 Dum
333 816 468 857 stupet,
490 814 697 857 obtutuque
716 813 830 846 haeret
849 813 992 846 defixus
1010 814 1049 846 in
1068 825 1155 856 uno,

219 867 359 911 Regina
378 867 424 900 ad
442 867 621 910 templum
639 867 757 900 forma
775 866 1017 910 pulcherrima
1036 866 1134 899 Dido

218 920 383 962 Incessit,
405 922 537 963 magna
551 919 731 963 juvenum
751 919 910 963 stipante
930 921 1083 953 caterva.

219 973 343 1014 Qualis
362 973 400 1006 in
420 973 568 1006 Eurotze
586 972 686 1016 ripis,
709 975 774 1005 aut
792 984 857 1016 per
871 971 961 1016 juga
981 972 1128 1015 Cynthi,

218 1026 374 1059 Exercet
393 1026 512 1060 Diana
531 1025 669 1068 choros,
692 1036 802 1069 quam
821 1025 920 1058 mille
939 1028 1072 1059 secutae

218 1079 319 1113 Hinc
337 1081 448 1123 atque
467 1079 553 1112 hinc
571 1079 818 1122 glomerantur
838 1077 995 1111 Oreades
1014 1091 1023 1120 ;
1050 1078 1112 1112 illa
1131 1078 1338 1122 pharetram

218 1132 304 1165 Fert
323 1132 485 1174 humero,
507 1132 746 1175 gradiensque
765 1131 861 1164 Deas
881 1131 1125 1175 supereminet
1144 1143 1268 1165 omnes
1285 1145 1292 1173 ;

218 1185 368 1219 Latonae
387 1185 540 1218 tacitum
559 1187 772 1228 pertentant
791 1183 924 1227 gaudia
941 1187 1067 1227 pectus
1086 1196 1093 1219 :

218 1238 314 1272 Talis
333 1240 410 1271 erat
428 1237 536 1280 Dido,
559 1237 670 1270 talem
690 1249 726 1270 se
745 1237 831 1270 laeta
849 1237 989 1270 ferebat

218 1291 289 1324 Per
306 1291 456 1334 medios,
476 1290 616 1323 instans
634 1290 733 1334 operi
749 1290 940 1334 regnisque
958 1289 1103 1324 futuris.

218 1344 311 1377 Tum
330 1344 467 1377 foribus
486 1343 603 1385 Divae,
625 1343 745 1376 media
762 1343 947 1376 testudine
965 1343 1105 1386 templi,

219 1397 329 1441 Septa
347 1397 466 1438 armis,
489 1396 650 1439 solioque
669 1396 741 1429 alte
761 1396 928 1438 subnixa,
949 1396 1083 1429 resedit
1100 1408 1109 1437 3

218 1449 245 1483 J
247 1461 313 1484 ura
330 1449 441 1483 dabat
460 1449 629 1493 legesque
648 1448 734 1482 viris
751 1461 760 1490 3
788 1460 1010 1492 operumque
1028 1448 1188 1482 laborem

218 1502 389 1536 Partibus
407 1502 576 1546 aequabat
590 1502 712 1545 justis,
734 1504 799 1535 aut
818 1504 914 1535 sorte
932 1501 1120 1536 trahebat:

218 1555 340 1597 Quum
359 1555 480 1589 subito
493 1555 629 1588 AEneas
648 1565 824 1588 concursu
842 1555 1010 1588 accedere
1028 1566 1160 1598 magno

217 1609 365 1642 Anthea
384 1608 664 1652 Sergestumque
684 1607 785 1641 videt
804 1608 1010 1652 fortemque
1030 1608 1249 1641 Cloanthum

218 1662 509 1705 Teucrorumque
528 1661 630 1704 alios,
652 1663 731 1694 ater
750 1672 841 1704 quos
859 1672 1004 1704 aequore
1023 1661 1133 1694 turbo

218 1715 428 1758 Dispulerat
446 1714 665 1758 penitusque
684 1714 773 1747 alias
793 1716 963 1747 avexerat
983 1725 1070 1747 oras

218 1767 418 1811 Obstupuit
437 1767 545 1800 simul
563 1767 592 1809 is
602 1778 650 1809 se,
675 1767 783 1800 simul
801 1766 987 1810 perculsus
1005 1767 1164 1800 Achates

218 1820 439 1864 Laetitiaque
457 1822 631 1863 metuque
649 1831 656 1853 :
685 1819 783 1852 avidi
802 1819 1021 1863 conjungere
1039 1819 1187 1853 dextras

217 1873 427 1913 Ardebant3
457 1872 519 1905 sed
539 1884 595 1906 res
610 1872 749 1905 animos
766 1871 952 1915 incognita
970 1872 1105 1906 turbat.

216 1926 468 1968 Dissimulant,
493 1927 530 1958 et
549 1925 646 1958 nube
665 1927 753 1958 cava
771 1925 1007 1968 speculantur
1025 1924 1149 1958 amicti

217 1979 307 2020 Quae
326 1979 474 2012 fortuna
492 1978 590 2020 viris,
613 1977 761 2011 classem
782 1989 853 2021 quo
873 1977 996 2011 littore
1014 1977 1195 2021 linquant,

217 2032 314 2073 Quid
333 2031 503 2065 veniant:
533 2030 672 2064 cunctis
691 2042 776 2064 nam
795 2031 879 2063 lecti
898 2030 1053 2063 navibus
1071 2031 1174 2064 ibant

216 2085 372 2118 Orantes
391 2084 546 2126 veniam,
571 2086 607 2117 et
627 2083 806 2127 templum
826 2083 980 2116 clamore
998 2083 1181 2127 petebant.

268 2138 469 2181 Postquam
487 2136 696 2180 introgressi
715 2139 751 2169 et
771 2147 891 2170 coram
910 2136 996 2169 data
1015 2136 1117 2180 copia
1135 2134 1248 2180 fandi,

215 2191 401 2224 Maximus
412 2190 573 2223 Ilioneus
588 2189 729 2233 placido
748 2189 798 2222 sic
816 2191 960 2232 pectore
979 2189 1108 2232 coepit:

218 2243 281 2277 “0
299 2243 434 2287 regina,
456 2254 588 2276 novam
608 2242 667 2276 cui
685 2242 837 2276 condere
855 2241 1003 2286 Jupiter
1020 2241 1159 2285 urbem,

214 2296 241 2330 J
242 2296 440 2340 ustitiaque
459 2295 561 2330 dedit
580 2298 707 2339 gentes
725 2295 878 2328 fraenare
896 2294 1079 2339 superbas,

213 2348 322 2383 Troes
339 2351 377 2382 te
395 2348 527 2392 miseri,
551 2348 670 2382 ventis
688 2347 802 2382 maria
820 2347 942 2383 omnia
960 2347 1069 2390 vecti,

1376 83 1425 120 13

1385 282 1427 303 485

1388 546 1426 567 49⁰

1386 810 1425 833 ⁴¹25

1383 1077 1424 1097 :100

1383 1603 1424 1624 Mo

1386 1868 1426 1890 515

1388 2132 1428 2154 32⁰
