1528 2569
670 83 802 110 LIBER
832 82 879 111 11.

223 170 403 205 Exuerint
422 170 638 215 sylvestrem
657 172 820 205 animum
837 185 845 213 3
878 171 1053 215 cultuque
1072 172 1244 217 frequent

225 224 272 257 In
291 235 524 268 quascunque
544 236 650 258 voces
669 227 778 268 artes,
799 225 898 258 haud
916 225 1022 258 tarda
1041 228 1247 269 sequentur.

225 276 379 310 Necnon
399 280 436 310 et
455 277 599 320 sterilis,
623 289 704 321 quae
724 278 898 321 stirpibus
913 278 988 311 exit
1008 278 1052 311 ab
1072 278 1166 323 imis,

225 329 308 363 Hoc
326 330 447 372 faciet,
470 341 601 364 vacuos
621 331 651 363 si
670 331 718 363 sit
737 331 877 374 digesta
895 342 959 374 per
977 342 1080 374 agros
1102 343 1109 366 ε

225 382 337 416 Nunc
353 383 437 416 altae
456 383 605 416 frondes
625 386 661 417 et
679 383 770 417 rami
788 383 914 417 matris
934 385 1098 427 opacant,

225 435 481 480 Crescentique
501 436 668 470 adimunt
687 436 811 479 scetus,
832 439 1018 480 uruntque
1037 437 1224 472 ferentem.

279 487 306 521 J
308 500 378 532 am,
401 500 483 533 quae
503 489 700 522 seminibus
714 489 823 533 jactis
842 501 879 522 se
899 489 1047 523 sustulit
1066 490 1183 533 arbos,

225 541 342 575 Tarda
360 542 473 585 venit,
496 542 583 575 seris
602 543 743 576 factura
761 542 954 586 nepotibus
973 542 1140 576 umbram
1157 554 1167 585 ;

225 594 411 638 Pomaque
430 594 663 638 degenerant,
685 606 808 628 succos
828 595 941 628 oblita
960 595 1097 638 priores
1113 608 1122 638 ;

227 647 276 680 Et
294 649 420 691 turpes
439 648 566 681 avibus
585 647 746 691 praedam
765 648 836 680 fert
855 659 928 680 uva
945 659 1115 682 racemos.

228 699 370 733 Scilicet
389 700 557 733 omnibus
576 703 630 733 est
644 700 746 734 labor
764 700 1040 743 impendendus,
1065 703 1102 733 et
1121 712 1246 734 omnes

227 752 404 796 Cogendae
430 753 469 786 in
490 753 642 796 sulcum,
665 764 705 786 ac
719 753 836 786 multa
854 753 1019 786 mercede
1038 753 1239 787 domandae.

227 805 298 839 Sed
323 806 463 839 truncis
477 806 565 839 oleae
591 806 732 849 melius,
754 806 948 849 propagine
967 806 1060 839 vites

227 859 478 902 Respondent,
501 858 616 892 solido
635 859 785 903 Paphiae
803 858 848 892 de
867 859 993 892 robore
1012 861 1164 902 myrtus,

227 912 370 945 Plantis
395 914 432 945 et
451 911 552 945 diu'ae
572 912 685 955 coryli
703 914 915 955 nascuntur,
938 914 974 945 et
992 911 1119 955 ingens

227 965 419 1007 Fraxinus,
443 965 707 1008 Herculeaeque
726 965 830 998 arbos
848 965 1018 998 umbrosa
1037 976 1190 1009 coronae,

227 1018 451 1062 Chaoniique
470 1018 583 1062 patris
597 1018 746 1062 glandes
765 1031 773 1059 ;
798 1017 910 1051 etiam
929 1018 1043 1051 ardua
1060 1018 1182 1062 palma

227 1070 412 1114 Nascitur,
435 1073 472 1105 et
492 1082 594 1104 casus
613 1071 711 1105 abies
729 1071 850 1104 visura
868 1071 1035 1105 marinos.

229 1124 410 1157 Inseritur
427 1135 513 1158 vero
533 1126 570 1157 et
589 1124 683 1157 foetu
701 1124 803 1157 nucis
822 1124 973 1157 arbutus
992 1124 1150 1168 horrida,

227 1177 276 1210 Et
290 1177 429 1211 steriles
448 1177 586 1220 platani
604 1177 717 1210 malos
735 1177 874 1221 gessere
892 1177 1055 1210 valentes
1075 1189 1083 1212 ε

233 1230 418 1263 Castaneae
437 1230 552 1273 fagus,
570 1241 751 1273 ornusque
770 1230 934 1263 incanuit
952 1230 1034 1263 albo

233 1283 339 1317 Flore
358 1283 439 1327 piri,
461 1283 703 1326 glandemque
722 1294 803 1316 sues
821 1282 958 1326 fregere
978 1283 1046 1316 sub
1064 1283 1182 1318 ulmis.

280 1335 318 1369 N
321 1347 359 1369 ec
378 1336 507 1369 modus
525 1336 694 1378 inserere,
717 1338 826 1379 atque
846 1336 968 1369 oculos
986 1336 1184 1380 imponere,
1207 1335 1370 1381 simplex.

226 1389 325 1422 Nam
345 1400 417 1432 qua
431 1400 468 1422 se
486 1389 606 1422 medio
624 1388 783 1422 trudunt
800 1388 846 1422 de
865 1388 996 1422 cortice
1014 1400 1179 1433 gemmae,

227 1441 276 1475 Et
294 1444 423 1475 tenues
441 1444 619 1485 rumpunt
638 1441 793 1484 tunicas,
821 1444 998 1485 angustus
1022 1441 1061 1475 in
1086 1442 1164 1485 ipso

226 1495 288 1530 Fit
306 1495 403 1528 nodo
429 1495 529 1528 sinus
547 1507 553 1529 :
582 1494 654 1527 huc
672 1494 791 1528 aliena
810 1506 855 1528 ex
873 1495 1000 1528 arbore
1025 1506 1172 1538 germen

226 1547 439 1591 Includunt,
461 1548 608 1591 udoque
628 1548 760 1581 docent
779 1547 973 1581 inolescere
992 1548 1094 1582 libro.

226 1601 305 1634 Aut
323 1612 467 1634 rursum
487 1600 619 1634 enodes
638 1601 760 1634 trunci
777 1603 997 1643 resecantur,
1020 1603 1056 1634 et
1072 1601 1145 1634 alte

226 1653 399 1687 Finditur
416 1654 455 1687 in
474 1654 630 1687 solidum
650 1654 773 1687 cuneis
792 1653 851 1687 via
867 1666 875 1694 3
904 1653 1035 1687 deinde
1054 1654 1189 1687 feraces

225 1707 369 1740 Plantae
386 1707 640 1740 immittimtur
659 1719 666 1740 :
694 1718 761 1740 nec
779 1707 930 1750 longum
948 1710 1105 1751 tempus,
1127 1709 1164 1740 et
1183 1706 1310 1750 ingens

226 1760 328 1793 Exiit
347 1760 393 1793 ad
413 1760 545 1794 coelum
563 1759 672 1793 ramis
690 1759 855 1793 felicibus
874 1760 991 1803 arbos,

225 1813 456 1856 Miraturque
475 1824 588 1846 novas
605 1812 764 1855 frondes,
786 1815 823 1846 et
842 1824 916 1846 non
935 1824 1000 1846 sua
1018 1824 1137 1856 poma.

280 1866 463 1899 Praeterea
481 1874 596 1909 genus
614 1865 714 1899 haud
734 1877 862 1908 unum,
884 1877 951 1899 nec
970 1866 1126 1899 fortibus
1144 1865 1266 1902 ulmis.

226 1919 305 1952 Nec
324 1918 435 1961 salici,
457 1919 618 1962 lotoque,
640 1929 707 1952 nec
726 1918 835 1952 Idaeis
855 1918 1045 1962 cyparissis
1063 1931 1070 1952 :

226 1972 306 2005 Nec
325 1971 477 2015 pingues
496 1983 609 2005 unam
626 1971 666 2005 in
684 1971 814 2004 faciem
833 1974 1035 2005 nascuntur
1053 1971 1171 2015 olivae,

226 2024 420 2068 orchades,
443 2026 480 2058 et
498 2025 602 2067 radii,
625 2027 662 2057 et
681 2026 804 2058 amara
823 2025 950 2068 pausia
968 2025 1077 2058 bacca
1094 2036 1101 2059 ε

226 2078 425 2121 Pomaque,
447 2080 485 2110 et
504 2077 647 2110 Alcinoi
666 2077 778 2120 sylvae
799 2089 806 2111 :
834 2088 901 2110 nec
921 2077 1086 2110 surculus
1105 2077 1203 2110 idem

225 2130 456 2173 Crustumiis,
479 2129 665 2174 Syriisque
684 2129 784 2173 piris,
806 2130 1047 2174 gravibusque
1066 2130 1226 2164 volemis.

225 2184 314 2218 Non
332 2183 458 2217 eadem
478 2183 666 2216 arboribus
685 2182 821 2226 pendet
839 2182 1023 2216 vindemia
1041 2183 1186 2226 nostris,

225 2236 344 2278 Quam
362 2236 614 2280 Methymnaeo
633 2236 748 2279 carpit
767 2235 811 2268 de
830 2235 979 2279 pahnite
998 2235 1142 2272 Lesbos.

227 2290 321 2324 Sunt
341 2289 480 2323 Thasiae
500 2289 606 2332 vites,
628 2291 714 2322 sunt
733 2291 770 2322 et
790 2288 1013 2322 Mareotides
1031 2289 1122 2322 albae
1143 2301 1153 2331 ;

224 2342 425 2387 pinguibus
442 2342 500 2377 hae
518 2342 625 2377 terris
643 2341 794 2385 habiles,
815 2341 1010 2376 levioribus
1027 2341 1100 2376 111ae
1117 2353 1126 2377 ε

1406 382 1433 402 65

1405 1439 1432 1462 75
