1528 2569
636 73 771 100 LIBER
801 72 861 100 XI.

200 161 329 195 Victor
347 159 505 204 Gargani
523 159 701 194 emdebat
720 159 867 204 Iapygis
886 158 989 202 agris.

201 214 402 257 Postquam
419 213 642 257 introgressi,
663 215 701 246 et
720 223 840 246 coram
859 212 944 246 data
963 211 1064 255 copia
1083 211 1197 254 fandi,

202 267 359 299 ‘Munera
377 265 602 308 praeferimus
618 278 626 306 ;
654 276 787 298 nomen
806 265 1033 308 patriamque
1052 264 1222 297 docemus
1241 277 1250 306 3

202 317 273 359 Qui
291 318 426 352 bellum
445 317 647 359 intulerint,
672 329 753 361 quae
773 329 879 350 causa
897 316 1088 350 attraxerit
1106 318 1233 360 Arpos.

200 370 348 404 Auditis
365 370 427 403 ifle
445 370 524 403 haec
542 370 683 413 placido
703 370 752 403 sic
771 369 931 403 reddidit
950 380 1010 403 ore
1029 382 1036 404 :

206 424 215 442 ‘
228 423 259 457 O
277 423 475 456 fortunatae
493 426 632 466 gentes,
655 422 825 456 Saturnia
843 434 965 465 regna,

201 471 358 519 Antiqui
380 475 540 517 Ausonii,
565 487 648 518 quae
670 486 731 508 vos
749 475 897 508 fortuna
917 475 1060 518 quietos

203 528 394 570 Sollicitat,
417 528 617 571 suadetque
636 527 760 571 ignota
778 527 950 560 lacessere
970 527 1065 561 bella
1082 527 1095 561 2

203 580 420 624 Quicunque
440 580 569 614 Iliacos
587 580 681 613 ferro
700 580 915 614 violavimus
934 591 1037 623 agros

203 633 333 676 (Mitto
353 645 406 676 ea,
429 644 510 676 quae
529 633 642 666 muris
661 632 830 666 bellando
850 632 1026 666 exhausta
1044 631 1112 665 sub
1131 631 1227 675 altis,

203 685 302 726 Quos
321 685 451 719 Simois
470 688 610 729 premat
628 685 689 718 ille
708 685 830 730 viros),
852 684 1003 718 infanda
1021 696 1085 728 per
1103 684 1229 717 orbem

202 737 396 781 Supplicia,
418 740 455 771 et
474 738 648 771 scelerum
667 749 792 781 poenas
811 737 1051 780 expendimus
1071 747 1207 779 omnes,

202 789 274 823 Vel
294 790 439 823 Priamo
458 790 663 823 miseranda
680 801 810 823 manus
830 801 836 823 :
865 789 933 822 scit
951 789 1056 822 triste
1075 788 1254 822 Minervae

202 842 321 884 Sidus,
344 845 381 876 et
399 842 569 875 Euboicae
589 844 723 885 cautes,
745 842 914 884 ultorque
934 841 1150 884 Caphereus.

202 895 341 929 Militia
360 906 406 928 ex
424 893 489 928 illa
508 895 692 928 diversum
710 894 757 928 ad
775 894 882 927 littus
901 893 1032 936 adacti,

201 947 351 981 Atrides
370 947 495 981 Protei
513 947 704 980 Menelaus
722 947 769 980 ad
788 958 903 990 usque
923 946 1110 980 columnas

200 999 357 1034 Exsulat
375 1013 383 1041 3
411 1000 579 1033 AEtnaeos
599 999 692 1032 vidit
712 999 886 1043 Cyclopas
906 998 1065 1043 Ulysses.

201 1052 330 1096 Regna
348 1052 582 1096 Neoptolemi
601 1052 766 1094 referam,
788 1063 981 1095 versosque
1001 1051 1160 1085 Penates

204 1105 391 1139 Idomenei
406 1105 418 1138 2
478 1105 660 1148 Libycone
679 1105 886 1138 habitantes
904 1104 1027 1137 littore
1046 1103 1177 1137 Locros
1193 1102 1206 1137 ’.ἲ

202 1157 287 1201 Ipse
306 1157 517 1201 Blycenaeus
536 1168 749 1200 magnorum
768 1157 899 1190 ductor
918 1156 1101 1189 Achivum

204 1210 377 1253 Conjugis
395 1210 556 1243 infandae
575 1210 690 1252 prima
708 1210 806 1242 intra
823 1209 950 1242 limina
968 1208 1099 1242 dextra

204 1262 369 1306 Oppetiit
386 1274 393 1296 ε
422 1262 602 1296 devictam
621 1262 747 1295 Asiam
765 1261 928 1295 subsedit
947 1261 1100 1295 adulter.

203 1315 384 1348 Invidisse
404 1314 512 1357 Deos,
534 1315 661 1358 patriis
680 1318 723 1348 ut
741 1314 907 1347 redditus
927 1313 996 1347 oris

205 1367 425 1412 Conjugium
443 1370 610 1410 optatum
629 1370 666 1400 et
685 1367 873 1410 pulchram
894 1366 1080 1410 Calydona
1097 1366 1259 1401 viderem
1278 1369 1285 1401 ἔ

203 1419 316 1454 Nunc
335 1420 445 1453 etiam
464 1418 628 1453 hon-ibin
647 1420 729 1452 visu
747 1422 918 1463 portenta
936 1421 1153 1463 sequuntur,

203 1472 253 1506 Et
273 1472 360 1506 socii
378 1472 500 1506 amissi
519 1472 704 1515 petierunt
723 1472 859 1505 aethera
877 1471 1017 1515 pennis,

202 1525 507 1568 Fluminibusque
527 1527 706 1568 vagantur
724 1535 808 1558 aves
829 1523 928 1568 (heu,
951 1524 1030 1557 dira
1048 1534 1213 1557 meorum

203 1577 388 1621 Supplicia
399 1578 436 1621 1),
459 1579 496 1610 et
515 1577 680 1620 scopulos
699 1576 909 1620 lacrymosis
927 1576 1076 1609 vocibus
1094 1576 1258 1620 implent.

202 1629 296 1665 Haec
314 1630 404 1663 adeo
423 1641 468 1663 ex
487 1629 550 1663 illo
569 1630 659 1662 mihi
673 1629 752 1672 jam
771 1629 950 1672 speranda
968 1629 1118 1662 fuerunt

203 1682 391 1726 Tempore,
414 1693 529 1726 quum
547 1682 642 1715 ferro
662 1682 823 1715 coele—tia
842 1693 990 1725 corpora
1008 1682 1157 1715 demens

203 1735 365 1778 App-etii,
388 1738 425 1768 et
445 1735 599 1768 Veneris
618 1735 753 1768 violavi
773 1734 922 1767 vulnere
942 1733 1118 1768 dextram.

203 1786 262 1820 Ne
283 1799 379 1829 vero,
401 1798 447 1820 ne
464 1799 522 1820 me
541 1787 588 1820 ad
605 1787 698 1820 tales
716 1786 891 1830 impellite
910 1797 1049 1829 pugnas
1067 1798 1073 1819 :

203 1839 242 1872 N
244 1851 284 1872 ec
302 1840 392 1872 mihi
411 1851 494 1873 cum
513 1839 658 1872 Teucris
677 1839 796 1872 ullum
814 1841 896 1882 post
916 1841 1019 1871 eruta
1037 1837 1174 1871 bellum

203 1891 380 1935 Pergama
398 1905 407 1932 3
436 1903 502 1925 nec
520 1894 685 1925 veterum
703 1891 854 1924 memini
871 1891 1018 1924 laetorve
1037 1890 1225 1924 malorum.

204 1943 374 1988 lyIunera,
397 1956 478 1988 quae
498 1944 624 1987 patriis
643 1943 689 1977 ad
708 1955 766 1976 me
784 1943 938 1987 portatis
955 1943 1001 1976 ab
1020 1943 1103 1985 oris,

204 1996 350 2030 Vertite
369 1996 415 2030 ad
436 1997 581 2030 AEstean
599 2010 605 2030 :
636 1996 804 2030 stetimus
823 1996 897 2029 tela
916 2007 1042 2038 aspera
1061 1997 1198 2038 contra,

204 2049 507 2092 Contulimusque
527 2060 656 2082 manus
677 2061 683 2082 :
712 2052 862 2092 experto
882 2048 1029 2091 credite,
1052 2049 1212 2091 quantus

204 2101 248 2135 In
271 2102 439 2146 clypeum
457 2104 634 2144 assurgat,
657 2112 729 2145 quo
748 2101 894 2134 turbine
913 2103 1084 2144 torqueat
1097 2100 1249 2134 hastam.

205 2154 243 2188 Si
261 2154 335 2188 duo
354 2157 528 2198 praeterea
546 2154 638 2187 tales
656 2153 758 2187 Idaea
778 2153 921 2187 tulisset

203 2206 313 2240 Terra
332 2207 439 2250 viros,
461 2206 559 2240 ultro
579 2206 746 2240 Inachias
766 2206 924 2239 venisset
943 2205 990 2239 ad
1007 2205 1116 2239 urbes

204 2259 408 2302 Dardanus,
433 2262 471 2293 et
491 2259 603 2292 versis
621 2259 762 2302 lugeret
782 2258 923 2293 Graecia
941 2257 1036 2292 fatis

205 2310 387 2356 Quicquid
406 2311 503 2357 apud
522 2312 624 2346 durae
643 2314 823 2346 cessatum
842 2312 897 2345 est
915 2310 1050 2345 moenia
1069 2310 1200 2355 Trojae,
1269 2360 1287 2391 3

1221 2367 1246 2389 Κ

1328 62 1407 99 24η

1371 1364 1413 1388 270

1372 1627 1414 1650 275
