1559 2584
134 55 215 92 204

626 64 813 92 VIRGILH
845 64 998 92 AENEIS.

242 152 456 187 sternamur
476 153 636 197 campis?
688 152 739 187 Et
754 153 832 196 jam
851 156 907 196 tu,
929 153 960 187 si
979 165 1051 197 qua
1068 152 1138 188 tibi
1156 153 1223 198 vis,

242 206 280 240 Si
300 207 409 250 patrii
429 206 519 250 quid
538 205 671 239 Martis
689 206 814 249 habes,
837 206 944 239 illum
963 206 1080 250 aspice
1102 210 1240 251 contra,

240 258 312 299 Qui
330 261 444 292 vocat.
454 258 473 275 ''

240 312 388 345 Talibus
407 310 542 344 exarsit
561 311 670 345 dictis
688 311 865 345 violentia
885 311 1020 352 Turni;

238 364 314 398 Dat
332 364 521 408 gemitum,
543 364 754 408 rumpitque
773 365 839 398 has
857 365 930 397 imo
948 367 1093 408 pectore
1111 377 1236 401 voces:

242 418 267 435 “
281 417 397 459 Lar-,a
415 416 586 460 quidem,
599 417 752 460 Drance,
777 428 918 460 semper
936 417 1005 450 tibi
1023 418 1125 462 copia
1143 418 1258 461 fandi,

238 469 340 502 Tunc
359 480 474 512 quum
492 469 588 502 bella
606 481 736 503 manus
754 473 909 514 poscunt
919 483 928 511 ;
957 470 1194 514 patribusque
1212 471 1351 505 vocatis

237 521 384 555 Primus
402 521 506 556 ades:
536 522 599 556 sed
617 534 693 556 non
710 522 884 566 replenda
903 525 958 556 est
976 523 1075 556 curia
1096 524 1222 566 verbis,

240 574 330 615 Quae
349 577 432 608 tuto
451 572 522 608 tibi
540 586 671 618 magna
689 575 825 618 volant,
850 575 940 608 dum
958 575 1110 609 distinet
1128 576 1271 610 hostem

239 627 361 671 Agger
379 638 590 670 moexorum,
612 639 679 661 nec
698 628 882 662 inundant
902 628 1076 671 sanguine
1096 629 1211 662 fossae.

238 680 398 714 Proinde
417 682 507 713 tona
526 680 682 724 eloquio,
706 681 854 714 solitum
874 681 963 714 tibi:
994 692 1126 725 meque
1145 681 1286 715 timoris

239 733 363 777 Argue
381 735 437 776 tu,
459 733 622 774 Drance;
653 733 799 776 quando
819 736 875 767 tot
895 734 1025 777 stragis
1044 745 1191 767 acervos

239 785 459 819 Teucrorum
478 788 544 819 tua
563 786 695 819 dextra
713 786 828 829 dedit,
850 786 1056 830 passimque
1075 786 1222 830 tropaeis

240 838 398 882 Insignis
417 849 530 882 agros.
592 838 712 872 Possit
733 839 822 883 quid
842 839 965 873 vivida
986 839 1115 882 virtus,

239 890 437 935 Experiare
457 891 562 932 licem
591 902 657 925 nec
677 892 783 935 longe
802 891 937 925 scilicet
957 891 1079 924 hostes

239 943 436 984 Quaerendi
456 944 578 979 nobis:
610 944 847 978 circumstant
866 944 1029 988 undique
1049 955 1173 978 muros

238 995 340 1030 Imus
360 997 398 1029 in
417 996 612 1030 adversos?
640 997 730 1041 quid
751 996 888 1030 cessas?
915 1008 962 1030 an
981 996 1049 1030 tibi
1068 997 1217 1030 Mavors

238 1048 403 1082 Ventosa
421 1049 460 1082 in
478 1049 604 1092 lingua
621 1049 849 1093 pedibusque
868 1049 1058 1093 fugacibus
1076 1049 1157 1082 istis

239 1101 388 1145 Semper
407 1101 498 1135 erit?

240 1153 373 1187 Pulsus
394 1155 482 1197 ego?
510 1156 574 1188 aut
594 1155 788 1198 quisquam
807 1155 950 1198 merito,
972 1154 1183 1198 foedissime,
1206 1155 1353 1199 pulsum

239 1207 391 1250 Arguet,
418 1206 528 1241 Iliaco
546 1207 732 1241 tumidum
752 1208 816 1252 qui
836 1218 991 1241 crescere
1011 1207 1161 1251 Tybrim

239 1259 432 1303 Sanguine,
458 1263 494 1293 et
514 1259 677 1294 Evandri
695 1262 813 1294 totam
833 1271 916 1294 cum
936 1260 1048 1303 stirpe
1067 1260 1206 1294 videbit

238 1312 480 1346 Procubuisse
501 1312 661 1355 domum,
686 1316 798 1356 atque
817 1316 949 1346 exutos
968 1312 1129 1346 Arcadas
1148 1313 1278 1347 armis?

239 1365 353 1398 Haud
373 1365 425 1398 ita
445 1377 503 1398 me
523 1365 665 1409 experti
684 1365 801 1399 Bitias
821 1368 858 1399 et
878 1365 1069 1399 Pandarus
1087 1365 1226 1410 ingens,

239 1418 289 1451 Et
309 1429 400 1461 quos
419 1418 519 1451 mille
539 1418 597 1451 die
617 1418 733 1452 victor
751 1419 819 1452 sub
840 1419 990 1452 Tartara
1009 1418 1104 1461 misi,

240 1471 411 1504 Inclusus
430 1471 553 1513 muris,
578 1471 777 1514 hostilique
797 1483 925 1515 aggere
945 1474 1080 1515 septus.

238 1523 355 1557 Nulla
374 1524 470 1557 salus
491 1524 604 1557 bello!
636 1523 746 1567 capiti
765 1535 852 1557 cane
872 1524 960 1557 talia
980 1524 1130 1557 demens

238 1576 438 1619 Dardanio,
461 1576 640 1620 rebusque
661 1576 754 1610 tuis:
783 1576 935 1620 proinde
955 1576 1077 1609 omnia
1095 1587 1228 1620 magno

238 1628 274 1662 N
279 1640 298 1661 e
317 1641 415 1662 cessa
434 1629 581 1662 turbare
601 1632 714 1672 metu,
737 1631 848 1672 atque
868 1629 1043 1662 extollere
1065 1629 1157 1662 vires

239 1681 369 1715 Gentis
390 1682 444 1714 bis
466 1682 582 1724 victre,
609 1684 735 1715 contra
753 1693 915 1724 premere
935 1693 1035 1714 arma
1054 1681 1186 1714 Latini.

237 1734 350 1767 Nunc
370 1737 406 1767 et
426 1734 703 1777 My1·n1i<10nu1n
724 1745 888 1778 proceres
909 1734 1072 1777 Phrygia
1091 1745 1191 1768 arma
1209 1733 1447 1776 tremiscu11t3

238 1786 351 1821 Nunc
371 1790 407 1820 et
428 1786 599 1830 Tydides,
622 1789 659 1820 et
679 1787 874 1820 Larissaeus
895 1786 1075 1820 Achilles:

237 1839 368 1873 Amnis
388 1843 425 1873 et
446 1839 651 1873 Hadriacus
670 1842 768 1873 retro
786 1839 881 1883 fugit
903 1839 1059 1872 Aufidus
1078 1838 1217 1873 undas:

237 1891 308 1925 Vel
329 1903 444 1936 quum
465 1904 501 1926 se
521 1890 698 1936 pavidum
719 1895 845 1925 contra
864 1903 944 1925 mea
959 1891 1082 1936 jurgia
1101 1891 1207 1935 fingit

237 1945 400 1979 Artificis
421 1945 545 1987 scelus,
571 1948 609 1978 et
628 1944 822 1978 formidine
843 1945 979 1978 crimen
999 1944 1153 1978 acerbat.

237 1997 442 2041 Nunquam
461 1998 620 2031 animam
639 1997 751 2031 talem
770 1997 901 2031 dextra
920 1997 988 2031 hac
1008 1997 1155 2041 (absiste
1173 1996 1325 2042 moveri)

236 2050 398 2083 Amittes
416 2063 422 2084 ε
452 2050 595 2083 habitet
613 2055 746 2092 tecum,
770 2053 807 2084 et
827 2050 875 2083 sit
895 2053 1039 2094 pectore
1058 2049 1097 2082 in
1115 2049 1195 2083 isto.

236 2102 348 2136 Nunc
368 2103 413 2136 ad
434 2105 471 2136 te
491 2106 528 2136 et
547 2106 613 2136 tua
632 2114 774 2146 magna,
797 2108 912 2146 pater,
936 2102 1103 2136 consulta
1121 2104 1292 2135 revertor.

238 2155 276 2189 Si
295 2155 433 2188 nullam
453 2155 587 2189 nostris
606 2156 704 2189 ultra
723 2167 824 2199 spem
843 2156 948 2199 ponis
966 2155 1005 2188 in
1024 2155 1152 2195 armis;

236 2208 275 2241 Si
293 2210 370 2241 tam
390 2208 524 2241 deserti
543 2220 679 2251 sumus,
704 2211 741 2241 et
761 2208 872 2241 semel
891 2207 1034 2251 agmine
1053 2218 1156 2240 verso

235 2259 422 2294 Funditus
441 2260 651 2303 occidimus,
674 2272 794 2304 neque
812 2260 922 2294 habet
941 2260 1107 2294 Fortuna
1126 2270 1328 2304 regressum
1344 2272 1353 2301 ;

235 2312 390 2347 Oremus
409 2325 544 2358 pacem,
570 2316 607 2348 et
627 2313 776 2347 dextras
793 2313 989 2347 tendamus
1007 2313 1170 2347 inermes.

1415 258 1457 282 ³7⁵

1415 522 1456 542 380

1414 784 1457 805 835

1416 1047 1460 1068 390

1419 1310 1461 1331 ³95

1419 1573 1461 1594 ⁴0⁰

1417 1836 1460 1857 ⁴07,

1417 2099 1459 2119 410
