1559 2584
103 114 156 149 90

584 126 771 153 VIRGILII
802 126 929 154 CIRIS.

209 212 379 258 Hospitio
399 213 498 257 quod
517 225 554 247 se
574 214 658 247 Nisi
678 214 852 258 Polyidos
870 214 982 258 avito,

208 266 446 309 Carpathium
464 267 608 310 fugiens
627 270 664 300 et
683 267 835 300 fiumina
854 267 1035 310 Caeratea,

207 318 372 353 Texerat.
433 320 546 353 Hunc
564 320 659 353 bello
678 323 846 363 repetens
866 320 1068 364 Gortynius
1085 319 1191 355 heros

208 373 333 406 Attica
353 372 502 406 Cretaea
521 373 707 406 sternebat
724 384 811 406 rura
830 373 972 416 sagitta.

210 425 281 458 Sed
300 437 419 470 neque
438 429 529 459 tunc
548 427 655 469 cives,
678 438 797 470 neque
815 429 905 459 tunc
924 438 989 459 rex
1007 426 1083 470 ipse
1103 429 1248 460 veretur
1386 424 1424 445 ¹¹⁵

210 478 350 512 Infesto
369 479 417 512 ad
435 490 559 512 muros
577 479 774 513 volitantes
793 479 935 523 agmine
954 482 1094 512 turmas

210 531 378 575 Vincere,
401 535 438 566 et
457 532 655 566 indomitas
674 533 812 566 virtute
830 533 1024 566 retundere
1043 535 1196 576 mentes,

209 584 440 628 Responsum
459 585 632 629 quoniam
651 586 739 619 satis
759 587 813 619 est
831 585 1036 619 meminisse
1057 586 1218 620 deorum.

209 638 308 671 Nam
328 638 445 682 capite
464 650 485 671 a
505 650 646 672 summo
665 639 977 682 regis—mirabile
997 639 1154 672 dictu—

211 690 376 725 Candida
395 691 816 735 caesaries‚—fl01·ebaut
835 694 999 736 tempora
1016 692 1179 726 lauro—
1389 688 1428 708 '²¹‘

179 766 184 770 -
211 745 263 777 At
281 756 405 778 roseus
423 745 543 778 medio
563 746 734 789 surgebat
753 745 888 778 vertice
908 745 1016 778 crinis
1035 757 1041 779 :

212 797 324 831 Cuius
344 809 454 842 quam
473 801 616 832 servata
634 799 699 832 diu
718 802 851 832 natura
869 798 1011 841 fuisset,

212 851 302 884 Tam
320 852 477 895 patriam
496 852 716 885 incolumem
735 851 819 885 Nisi
837 863 1062 895 regnumque
1082 851 1263 894 futurum,

213 903 416 938 Concordes
436 905 558 938 stabili
577 905 769 938 firmarunt
788 905 939 938 numine
959 905 1102 939 Parcae.

212 956 308 1000 Eigo
328 957 445 990 omnis
465 969 546 991 caro
565 958 747 991 residebat
767 969 853 991 cura
872 958 1001 1001 capillo
1020 970 1026 991 :
1391 954 1428 974 ¹²⁵

213 1010 336 1043 Aurea
355 1011 508 1044 solemni
527 1014 688 1044 comtum
708 1022 817 1054 quem
836 1010 948 1044 fibula
967 1010 1043 1044 ritu

214 1063 392 1107 Crobylus
412 1067 448 1097 et
467 1064 576 1097 tereti
595 1064 791 1097 nectebant
810 1064 920 1097 dente
940 1063 1093 1098 cicadae.

213 1116 251 1149 N
255 1128 294 1149 ec
315 1128 398 1150 vero
417 1117 506 1150 haec
524 1117 624 1150 urbis
643 1117 808 1151 custodia
826 1129 920 1150 vana
938 1117 1080 1160 fuisset,

214 1169 295 1203 Nec
314 1170 446 1213 fuerat,
469 1171 508 1204 ni
528 1170 648 1214 Scylla
667 1182 762 1204 novo
781 1172 956 1214 concepta
974 1170 1108 1213 furore,

215 1222 348 1267 Scylla,
370 1223 483 1267 patris
502 1224 623 1257 miseri
642 1224 853 1268 patriaeque
872 1224 1024 1257 inventa
1042 1223 1260 1267 sepulcrum,
1393 1220 1430 1240 ¹³⁰

216 1276 247 1309 O
267 1276 421 1309 nimium
442 1277 582 1321 cupidis
602 1277 632 1310 si
651 1289 725 1310 non
744 1277 918 1310 inhiasset
937 1277 1058 1310 ocellis
1075 1278 1081 1310 !

216 1329 287 1363 Sed
306 1330 424 1363 malus
443 1330 503 1363 ille
523 1342 624 1374 puer,
648 1342 757 1374 quem
776 1342 843 1364 nec
862 1342 927 1364 sua
946 1330 1090 1364 flectere
1109 1332 1225 1363 mater

216 1384 359 1416 Iratum
378 1384 512 1427 potuit,
535 1395 644 1427 quem
663 1395 729 1417 nec
748 1387 852 1427 pater
871 1386 982 1427 atque
1001 1395 1089 1418 avus
1110 1384 1208 1417 idem

216 1436 472 1480 Iupiter—ille
493 1437 602 1470 etiam
623 1437 764 1470 Poenos
784 1437 961 1470 domitare
980 1437 1102 1470 leones

215 1489 265 1523 Et
284 1490 423 1523 validas
442 1490 567 1523 docuit
587 1490 681 1523 vires
700 1502 948 1523 mansuescere
966 1490 1070 1534 tigris
1088 1503 1095 1531 ;
1393 1487 1431 1507 ¹3⁵

215 1543 284 1576 Ille
304 1543 414 1577 etiam
434 1543 549 1586 divos,
571 1544 735 1576 homines
754 1570 762 1577 .
788 1570 795 1577 .
821 1570 829 1577 .
854 1543 917 1576 sed
935 1543 1052 1576 dicere
1072 1554 1243 1587 magnum
1264 1546 1389 1587 e:;t,—›

216 1595 320 1629 Idem
339 1599 420 1630 tum
439 1597 562 1630 tristes
581 1597 733 1630 acuebat
753 1597 926 1640 parvulus
945 1597 1026 1631 iras,

217 1649 370 1683 Iunonis
389 1661 552 1693 magnae,
576 1650 678 1683 cuius
697 1650 853 1694 periuria
872 1650 990 1693 divae,

218 1702 315 1736 Olim
335 1703 365 1736 si
383 1703 591 1746 meminere,
615 1703 679 1736 diu
698 1703 841 1747 periura
859 1703 1000 1747 puellae

216 1755 255 1789 N
258 1767 305 1789 on
324 1756 391 1789 ulli
410 1756 530 1799 liceat,
554 1757 753 1790 violaverat
772 1757 885 1790 inscia
904 1757 1038 1800 sedem,
1395 1752 1434 1773 ¹⁴⁰

217 1809 318 1843 Dum
337 1810 445 1842 sacris
466 1812 613 1853 operata
632 1809 719 1843 deae
739 1810 881 1843 lascivit
900 1813 936 1843 et
956 1813 1060 1843 extra

218 1862 389 1896 Procedit
408 1863 514 1907 longe
534 1866 694 1896 matrum
714 1863 961 1907 comitumque
981 1866 1176 1906 catervam,

219 1916 438 1959 Suspensam
458 1917 619 1960 gaudens
639 1917 677 1949 in
697 1928 843 1960 corpore
862 1917 987 1949 ludere
1007 1920 1158 1960 vestem,

217 1969 266 2002 Et
285 1969 448 2002 tumidos
468 1970 629 2013 agitante
649 1970 749 2003 sinus
769 1970 952 2013 Aquilone
972 1970 1147 2003 relaxans.

219 2022 389 2055 Necdum
409 2023 520 2056 etiam
540 2026 657 2056 castos
676 2025 887 2066 gustaverat
906 2023 999 2066 ignis
1019 2023 1186 2064 honores,

220 2076 389 2109 Necdum
409 2076 560 2109 solemni
579 2076 729 2120 lympha
747 2077 894 2120 perfusa
913 2076 1079 2109 sacerdos

219 2129 397 2162 Pallentis
416 2129 511 2162 foliis
531 2132 640 2173 caput
660 2132 854 2163 exornarat
873 2129 989 2163 olivae
1007 2142 1014 2171 ;

219 2181 311 2215 Cum
331 2183 431 2225 lapsa
450 2194 468 2215 e
488 2183 656 2216 manibus
675 2183 770 2226 fugit
789 2183 874 2226 pila,
897 2194 1053 2226 cumque
1073 2181 1211 2226 relapsa

219 2235 408 2268 Procurrit
427 2236 529 2279 virgo
548 2248 554 2270 :
584 2236 682 2280 quod
703 2236 759 2269 uti
779 2248 823 2269 ne
842 2235 987 2280 prodita
1006 2235 1092 2268 ludo

219 2288 399 2322 Auratam
417 2289 542 2332 gracili
561 2289 727 2322 solvisset
747 2300 894 2333 corpore
914 2289 1048 2332 pallam
1065 2289 1071 2321 ἔ
1397 2282 1437 2304 ¹⁵¹¹

219 2341 363 2384 Omnia,
386 2353 479 2385 quae
499 2342 654 2375 retinere
674 2342 827 2386 gradum
846 2352 1042 2385 cursusque
1062 2340 1196 2374 morari

220 2394 387 2438 Possem,
410 2406 431 2428 o
450 2397 572 2428 tecum
592 2395 723 2428 vellem
742 2397 807 2429 tua
826 2406 967 2440 semper
986 2393 1155 2429 haberes:

1395 2017 1434 2038 1⁴⁵
