1528 2569
684 100 817 131 mmm
847 99 907 130 rx.
1372 91 1449 131 1027

244 190 421 227 Ardentes
439 191 555 227 taedas
573 192 635 226 alii
653 193 700 226 ad
718 193 863 237 fastigia
877 192 1030 237 jactant.

241 245 402 279 Ilioneus
421 257 507 279 saxo
525 248 636 289 atque
655 246 797 290 ingenti
814 244 992 289 fragmine
1010 242 1146 278 montis

240 297 444 342 Lucetium,
466 301 582 343 portae
601 299 831 341 subeuntem,
853 298 1026 342 ignesque
1045 297 1225 331 ferentem
1244 307 1253 338 ;
1409 292 1451 316 ⁵⁷⁴²

240 350 461 385 Emathiona
479 351 586 395 Liger
605 364 613 392 ;
643 351 860 394 Corynaeum
879 351 1010 384 sternit
1030 350 1182 393 Asylas3

242 403 315 437 Hic
328 404 452 448 jaculo
470 404 600 447 bonus,
621 403 679 438 hic
699 404 804 447 longe
823 403 973 436 fallente
994 403 1127 446 sagitt-Cu
1147 414 1154 436 z

241 456 435 501 Ortygium
456 457 607 491 Caeneus
625 470 633 498 ;
663 457 838 490 victorem
858 456 989 489 Oaenea
1008 455 1152 489 Turnus
1169 467 1177 496 3

243 510 388 543 Turnus
408 509 509 553 Ityn,
533 509 785 554 Cloniumque,
807 509 1046 552 Dioxippum,
1070 507 1367 551 Promolumque,

242 562 291 596 Et
311 562 484 606 Sagarim,
507 565 544 596 et
563 562 713 596 summis
732 564 891 595 stantem
910 573 975 605 pro
994 561 1157 595 turribus
1178 560 1271 594 Id:›n
1292 573 1300 601 ;
1409 556 1451 580 ⁵7⁵

241 615 459 649 Privernum
479 615 596 659 Capys
617 628 623 649 :
652 615 750 648 hunc
768 615 884 659 primo
903 614 993 648 levis
1012 614 1118 647 hasta
1137 613 1299 647 Tomillae

242 668 446 702 Strinxerat
465 682 471 709 ;
500 668 561 701 ille
580 679 731 701 manum
749 667 911 711 projecto
929 667 1090 710 tegmine
1109 667 1258 700 demens

242 721 303 755 Ad
321 721 455 754 vulnus
474 721 562 754 tulit
580 733 586 755 :
616 732 699 764 ergo
719 720 784 754 alis
803 720 940 763 allapsa
959 719 1103 762 sagitta,

243 773 292 807 Et
311 773 404 807 laevo
422 773 537 807 infixa
555 775 610 807 est
629 773 735 806 lateri
752 784 893 815 manus,
916 772 1113 815 abditaque
1132 771 1232 805 intus

243 826 473 870 Spiramenta
491 826 622 860 animae
640 825 742 859 letali
760 825 910 859 vulnere
929 825 1078 868 rumpit,
1411 819 1454 841 ⁵⁵¹⁰

243 879 372 913 Stabat
390 878 429 912 in
448 878 599 923 egregiis
618 877 786 912 Arcentis
804 877 900 911 filius
919 877 1040 920 armis,

243 931 370 966 Pictus
389 943 456 966 acu
476 931 714 975 chlamydem,
740 934 776 964 et
795 930 978 974 ferrugine
998 930 1115 963 clarus
1136 929 1255 973 Ibera,

244 984 403 1029 Insignis
423 984 512 1018 facie
533 997 540 1025 ;
569 984 713 1028 genitor
732 995 841 1028 quem
859 984 1006 1016 miserat
1026 983 1177 1026 Arcens,

245 1037 430 1071 Eductum
449 1037 581 1071 Martis
601 1037 694 1080 luco,
717 1036 917 1080 Symaethia
936 1035 1068 1070 circum

244 1090 428 1133 Flumina,
448 1090 592 1134 pinguis
610 1089 674 1123 ubi
693 1092 730 1123 et
748 1089 933 1133 placabilis
951 1100 1012 1123 ara
1032 1087 1155 1123 Palssci.
1414 1084 1455 1104 ⁵3⁵

246 1142 471 1177 Stridentem
489 1143 643 1176 fundam
661 1142 789 1186 positis
809 1142 1015 1175 Mezentius
1034 1141 1145 1174 armis

251 1196 330 1240 [pse
349 1198 406 1229 ter
424 1195 584 1230 adducta
603 1196 737 1229 circum
757 1198 866 1239 caput
885 1194 959 1239 egit
977 1194 1120 1227 habena
1136 1206 1145 1235 3

245 1248 294 1282 Et
313 1248 434 1282 media
451 1249 593 1282 adversi
611 1248 809 1292 liquefacto
828 1251 993 1291 tempora
1011 1246 1162 1291 plumbo

246 1301 401 1345 Diffidit,
425 1313 465 1335 ac
484 1302 603 1335 multa
623 1304 828 1345 porrectum
848 1300 1015 1334 extendit
1037 1301 1154 1333 arena.

301 1354 394 1388 Tum
412 1354 571 1399 primum
589 1354 684 1387 bello
703 1354 854 1387 celerem
873 1353 1072 1387 intendi—:se
1093 1352 1262 1396 sagittam

247 1407 403 1450 Dicitur,
425 1410 510 1441 ante
529 1407 622 1441 feras
642 1407 770 1440 solitus
788 1410 923 1440 terrere
942 1406 1100 1448 fugaces,

248 1460 436 1503 Ascanius,
461 1460 668 1504 fortemque
687 1471 798 1493 manu
817 1459 955 1492 fudisse
975 1458 1192 1492 Numanum
1210 1470 1216 1492 :

249 1512 316 1547 Oui
335 1513 492 1546 Remulo
511 1524 710 1556 cognomen
730 1515 808 1546 erat
825 1526 833 1554 ;
862 1512 1048 1555 Turnique
1067 1510 1244 1544 minorem

249 1565 468 1600 Germanam
487 1577 604 1610 nuper
622 1565 784 1599 thalamo
803 1565 959 1599 sociatus
977 1564 1144 1598 habebat.

248 1618 286 1652 Is
303 1618 457 1663 primam
476 1622 562 1652 ante
581 1619 694 1652 aciem
714 1618 823 1662 digna
841 1620 952 1662 atque
970 1616 1121 1661 indigna
1139 1616 1257 1650 relatu
1418 1612 1460 1633 ⁵⁹⁵

248 1671 474 1715 Vociferans,
496 1672 732 1715 tumidusque
752 1682 847 1705 novo
866 1670 1064 1715 praecordia
1082 1680 1206 1714 regno,

251 1724 347 1767 Ibat,
370 1727 408 1758 et
426 1725 565 1768 ingenti
586 1736 660 1758 sese
677 1724 831 1758 clamore
850 1723 990 1756 ferebat
1011 1735 1018 1757 τ

251 1778 278 1796 “
291 1777 378 1810 Non
397 1777 514 1821 pudet
534 1777 720 1810 obsidione
739 1777 871 1810 iterum
891 1776 1059 1819 valloque
1078 1774 1207 1817 teneri,

249 1829 314 1863 Bis
333 1830 429 1874 capti
448 1830 622 1873 Phryges,
645 1832 682 1863 et
700 1829 811 1862 morti
828 1828 1053 1873 praetcndere
1072 1827 1222 1861 muros?

251 1883 322 1925 En,
345 1883 410 1927 qui
428 1885 553 1916 nostra
573 1882 641 1915 sibi
659 1882 754 1915 bello
774 1881 955 1915 connubia
973 1883 1130 1924 poscunt
1145 1880 1156 1914 2
1419 1877 1462 1897 ⁶⁰⁰

251 1934 342 1976 Quis
360 1936 461 1969 Deus
481 1935 640 1978 Italiam,
663 1946 745 1979 quie
764 1946 828 1968 vos
848 1934 1033 1967 dementia
1052 1932 1202 1977 adegit?

251 1988 338 2021 Non
357 1988 417 2022 hic
436 1988 589 2031 Atridae,
612 1999 679 2021 nec
696 1987 799 2021 fandi
817 1987 921 2020 fictor
941 1986 1088 2030 Ulysscs
1107 1998 1113 2020 :

250 2041 395 2075 Durum
415 2053 436 2075 a
455 2041 567 2084 stirpe
587 2052 712 2084 genus,
735 2043 841 2073 natos
860 2040 906 2073 ad
926 2039 1078 2073 flumina
1097 2038 1257 2082 primum

250 2094 468 2137 Deferimus,
492 2105 660 2138 saevoque
680 2093 764 2137 gelu
783 2093 957 2126 duramus
976 2094 1013 2125 et
1033 2092 1142 2125 undis
1160 2104 1168 2132 ;

251 2146 400 2180 Venatu
418 2147 613 2190 invigilant
631 2146 734 2190 pueri
754 2146 946 2189 sylvasque
966 2144 1123 2188 fatigant
1143 2157 1152 2185 ;
1422 2140 1462 2161 ⁶⁰⁵

251 2199 416 2233 Flectere
434 2200 545 2233 ludus
564 2211 687 2243 equos,
711 2201 748 2232 et
767 2198 905 2242 spicula
923 2198 1071 2231 tendere
1091 2207 1204 2230 cornu
1222 2208 1229 2231 :

252 2252 305 2286 At
323 2252 467 2296 patiens
486 2264 648 2296 operum,
671 2263 856 2296 parvoque
876 2253 1032 2294 assueta,
1051 2250 1231 2294 juventus

253 2304 331 2338 Aut
349 2305 475 2339 rastris
493 2307 629 2339 terram
648 2305 784 2348 domat,
807 2306 872 2338 aut
892 2304 1013 2348 quatit
1032 2302 1165 2347 oppida
1184 2301 1288 2336 heum

252 2356 368 2391 Omne
387 2369 508 2391 aevum
526 2358 621 2391 ferro
639 2357 783 2400 teritur,
806 2359 980 2401 versaque
995 2356 1197 2400 juvencum

1416 1348 1458 1368 590
