<?xml version="1.0" encoding="UTF-8"?>
<!DOCTYPE html PUBLIC "-//W3C//DTD XHTML 1.0 Transitional//EN"
    "http://www.w3.org/TR/xhtml1/DTD/xhtml1-transitional.dtd">
<html xmlns="http://www.w3.org/1999/xhtml" xml:lang="en" lang="en">
 <head>
  <title>
</title>
<meta http-equiv="Content-Type" content="text/html;charset=utf-8" />
  <meta name='ocr-system' content='tesseract 3.04.00' />
  <meta name='ocr-capabilities' content='ocr_page ocr_carea ocr_par ocr_line ocrx_word'/>
</head>
<body>
  <div class='ocr_page' id='page_1' title='image "./operavir00virguoft_0090.png"; bbox 0 0 1559 2584; ppageno 0'>
   <div class='ocr_carea' id='block_1_1' title="bbox 92 94 144 133">
    <p class='ocr_par' dir='ltr' id='par_1_1' title="bbox 92 94 144 133">
     <span class='ocr_line' id='line_1_1' title="bbox 92 94 144 133; baseline 0.019 -1"><span class='ocrx_word' id='word_1_1' title='bbox 92 94 144 133; x_wconf 69' lang='lat'>80</span> 
     </span>
    </p>
   </div>
   <div class='ocr_carea' id='block_1_2' title="bbox 556 105 930 132">
    <p class='ocr_par' dir='ltr' id='par_1_2' title="bbox 556 105 930 132">
     <span class='ocr_line' id='line_1_2' title="bbox 556 105 930 132; baseline -0.003 0"><span class='ocrx_word' id='word_1_2' title='bbox 556 105 741 132; x_wconf 83' lang='lat' dir='ltr'>VIRGILII</span> <span class='ocrx_word' id='word_1_3' title='bbox 773 105 930 132; x_wconf 78' lang='lat' dir='ltr'>CULEX.</span> 
     </span>
    </p>
   </div>
   <div class='ocr_carea' id='block_1_3' title="bbox 193 192 1220 2415">
    <p class='ocr_par' dir='ltr' id='par_1_3' title="bbox 193 192 1220 2415">
     <span class='ocr_line' id='line_1_3' title="bbox 195 192 1118 237; baseline 0.001 -11"><span class='ocrx_word' id='word_1_4' title='bbox 195 192 429 237; x_wconf 77' lang='lat' dir='ltr'>Excelsisque</span> <span class='ocrx_word' id='word_1_5' title='bbox 451 204 558 237; x_wconf 87' lang='lat' dir='ltr'>super</span> <span class='ocrx_word' id='word_1_6' title='bbox 577 193 710 235; x_wconf 83' lang='lat' dir='ltr'>dumis,</span> <span class='ocrx_word' id='word_1_7' title='bbox 734 203 825 236; x_wconf 88' lang='lat' dir='ltr'>quos</span> <span class='ocrx_word' id='word_1_8' title='bbox 843 192 974 226; x_wconf 80' lang='lat' dir='ltr'>leniter</span> <span class='ocrx_word' id='word_1_9' title='bbox 992 193 1118 227; x_wconf 84' lang='lat' dir='ltr'>afflans</span> 
     </span>
     <span class='ocr_line' id='line_1_4' title="bbox 194 245 1040 290; baseline -0.001 -10"><span class='ocrx_word' id='word_1_10' title='bbox 194 253 296 280; x_wconf 84' lang='lat' dir='ltr'>Aura</span> <span class='ocrx_word' id='word_1_11' title='bbox 315 246 538 279; x_wconf 83' lang='lat' dir='ltr'>susurrantis</span> <span class='ocrx_word' id='word_1_12' title='bbox 556 246 669 290; x_wconf 87' lang='lat' dir='ltr'>possit</span> <span class='ocrx_word' id='word_1_13' title='bbox 690 245 912 279; x_wconf 86' lang='lat' dir='ltr'>confundere</span> <span class='ocrx_word' id='word_1_14' title='bbox 932 246 1040 280; x_wconf 89' lang='lat' dir='ltr'>venti.</span> 
     </span>
     <span class='ocr_line' id='line_1_5' title="bbox 248 298 1220 342; baseline 0.002 -10"><span class='ocrx_word' id='word_1_15' title='bbox 248 298 391 342; x_wconf 81' lang='lat' dir='ltr'>Pastor,</span> <span class='ocrx_word' id='word_1_16' title='bbox 414 301 456 332; x_wconf 91' lang='lat' dir='ltr'>ut</span> <span class='ocrx_word' id='word_1_17' title='bbox 476 299 522 332; x_wconf 87' lang='lat' dir='ltr'>ad</span> <span class='ocrx_word' id='word_1_18' title='bbox 541 299 682 332; x_wconf 86' lang='lat' dir='ltr'>fontem</span> <span class='ocrx_word' id='word_1_19' title='bbox 701 299 814 332; x_wconf 86' lang='lat' dir='ltr'>densa</span> <span class='ocrx_word' id='word_1_20' title='bbox 833 298 1013 342; x_wconf 83' lang='lat' dir='ltr'>requievit</span> <span class='ocrx_word' id='word_1_21' title='bbox 1032 299 1070 332; x_wconf 90' lang='lat' dir='ltr'>in</span> <span class='ocrx_word' id='word_1_22' title='bbox 1089 299 1220 334; x_wconf 83' lang='lat' dir='ltr'>umbra</span> 
     </span>
     <span class='ocr_line' id='line_1_6' title="bbox 194 351 1089 395; baseline -0.001 -10"><span class='ocrx_word' id='word_1_23' title='bbox 194 351 327 385; x_wconf 92' lang='lat' dir='ltr'>Mitem</span> <span class='ocrx_word' id='word_1_24' title='bbox 346 352 511 395; x_wconf 85' lang='lat' dir='ltr'>concepit</span> <span class='ocrx_word' id='word_1_25' title='bbox 530 352 712 395; x_wconf 87' lang='lat' dir='ltr'>proiectus</span> <span class='ocrx_word' id='word_1_26' title='bbox 732 351 894 385; x_wconf 84' lang='lat' dir='ltr'>membra</span> <span class='ocrx_word' id='word_1_27' title='bbox 913 363 1089 395; x_wconf 84' lang='lat' dir='ltr'>soporem,</span> 
     </span>
     <span class='ocr_line' id='line_1_7' title="bbox 193 404 1087 445; baseline 0 -7"><span class='ocrx_word' id='word_1_28' title='bbox 193 405 338 438; x_wconf 84' lang='lat' dir='ltr'>Anxius</span> <span class='ocrx_word' id='word_1_29' title='bbox 356 405 498 438; x_wconf 79' lang='lat' dir='ltr'>insidiis</span> <span class='ocrx_word' id='word_1_30' title='bbox 518 405 629 438; x_wconf 83' lang='lat' dir='ltr'>nullis</span> <span class='ocrx_word' id='word_1_31' title='bbox 646 418 654 445; x_wconf 92' lang='lat'>;</span> <span class='ocrx_word' id='word_1_32' title='bbox 683 404 746 438; x_wconf 87' lang='lat' dir='ltr'>sed</span> <span class='ocrx_word' id='word_1_33' title='bbox 765 405 888 438; x_wconf 88' lang='lat' dir='ltr'>lentus</span> <span class='ocrx_word' id='word_1_34' title='bbox 907 405 946 437; x_wconf 87' lang='lat' dir='ltr'>in</span> <span class='ocrx_word' id='word_1_35' title='bbox 966 405 1087 439; x_wconf 80' lang='lat' dir='ltr'>herbis</span> 
     </span>
     <span class='ocr_line' id='line_1_8' title="bbox 195 457 982 492; baseline 0 -1"><span class='ocrx_word' id='word_1_36' title='bbox 195 458 327 491; x_wconf 87' lang='lat' dir='ltr'>Securo</span> <span class='ocrx_word' id='word_1_37' title='bbox 341 458 452 491; x_wconf 89' lang='lat' dir='ltr'>fessos</span> <span class='ocrx_word' id='word_1_38' title='bbox 471 469 597 491; x_wconf 88' lang='lat' dir='ltr'>somno</span> <span class='ocrx_word' id='word_1_39' title='bbox 616 457 853 491; x_wconf 82' lang='lat' dir='ltr'>mandaverat</span> <span class='ocrx_word' id='word_1_40' title='bbox 871 460 982 492; x_wconf 79' lang='lat' dir='ltr'>artus,</span> 
     </span>
     <span class='ocr_line' id='line_1_9' title="bbox 195 510 1124 554; baseline 0 -10"><span class='ocrx_word' id='word_1_41' title='bbox 195 510 339 544; x_wconf 85' lang='lat' dir='ltr'>Stratus</span> <span class='ocrx_word' id='word_1_42' title='bbox 357 511 460 544; x_wconf 88' lang='lat' dir='ltr'>humi</span> <span class='ocrx_word' id='word_1_43' title='bbox 478 511 622 544; x_wconf 79' lang='lat' dir='ltr'>dulcem</span> <span class='ocrx_word' id='word_1_44' title='bbox 642 511 806 554; x_wconf 87' lang='lat' dir='ltr'>capiebat</span> <span class='ocrx_word' id='word_1_45' title='bbox 825 510 930 544; x_wconf 87' lang='lat' dir='ltr'>corde</span> <span class='ocrx_word' id='word_1_46' title='bbox 950 510 1124 554; x_wconf 84' lang='lat' dir='ltr'>quietem,</span> 
     </span>
     <span class='ocr_line' id='line_1_10' title="bbox 194 563 976 598; baseline 0 -1"><span class='ocrx_word' id='word_1_47' title='bbox 194 563 247 597; x_wconf 89' lang='lat' dir='ltr'>Ni</span> <span class='ocrx_word' id='word_1_48' title='bbox 265 564 339 597; x_wconf 79' lang='lat' dir='ltr'>fors</span> <span class='ocrx_word' id='word_1_49' title='bbox 358 564 514 597; x_wconf 87' lang='lat' dir='ltr'>incertos</span> <span class='ocrx_word' id='word_1_50' title='bbox 532 563 694 598; x_wconf 72' lang='lat' dir='ltr'>iussisset</span> <span class='ocrx_word' id='word_1_51' title='bbox 713 564 844 597; x_wconf 88' lang='lat' dir='ltr'>ducere</span> <span class='ocrx_word' id='word_1_52' title='bbox 864 575 976 597; x_wconf 66' lang='lat' dir='ltr'>casus</span> 
     </span>
     <span class='ocr_line' id='line_1_11' title="bbox 195 616 1195 661; baseline 0.001 -12"><span class='ocrx_word' id='word_1_53' title='bbox 195 616 295 650; x_wconf 84' lang='lat' dir='ltr'>Nam</span> <span class='ocrx_word' id='word_1_54' title='bbox 315 617 464 650; x_wconf 74' lang='lat' dir='ltr'>solitum</span> <span class='ocrx_word' id='word_1_55' title='bbox 484 617 634 650; x_wconf 81' lang='lat' dir='ltr'>volvens</span> <span class='ocrx_word' id='word_1_56' title='bbox 653 617 699 651; x_wconf 83' lang='lat' dir='ltr'>ad</span> <span class='ocrx_word' id='word_1_57' title='bbox 718 619 864 661; x_wconf 86' lang='lat' dir='ltr'>tempus</span> <span class='ocrx_word' id='word_1_58' title='bbox 883 616 1060 650; x_wconf 71' lang='lat' dir='ltr'>tractibus</span> <span class='ocrx_word' id='word_1_59' title='bbox 1079 616 1195 650; x_wconf 81' lang='lat' dir='ltr'>isdem</span> 
     </span>
     <span class='ocr_line' id='line_1_12' title="bbox 195 670 1054 714; baseline 0 -12"><span class='ocrx_word' id='word_1_60' title='bbox 195 670 372 704; x_wconf 86' lang='lat' dir='ltr'>Immanis</span> <span class='ocrx_word' id='word_1_61' title='bbox 391 670 490 704; x_wconf 87' lang='lat' dir='ltr'>vario</span> <span class='ocrx_word' id='word_1_62' title='bbox 509 670 712 704; x_wconf 85' lang='lat' dir='ltr'>maculatus</span> <span class='ocrx_word' id='word_1_63' title='bbox 731 682 876 714; x_wconf 87' lang='lat' dir='ltr'>corpore</span> <span class='ocrx_word' id='word_1_64' title='bbox 896 681 1054 714; x_wconf 86' lang='lat' dir='ltr'>serpens,</span> 
     </span>
     <span class='ocr_line' id='line_1_13' title="bbox 196 722 1074 767; baseline 0 -11"><span class='ocrx_word' id='word_1_65' title='bbox 196 722 341 756; x_wconf 80' lang='lat' dir='ltr'>Mersus</span> <span class='ocrx_word' id='word_1_66' title='bbox 360 726 403 756; x_wconf 93' lang='lat' dir='ltr'>ut</span> <span class='ocrx_word' id='word_1_67' title='bbox 421 723 460 756; x_wconf 88' lang='lat' dir='ltr'>in</span> <span class='ocrx_word' id='word_1_68' title='bbox 479 723 567 757; x_wconf 89' lang='lat' dir='ltr'>limo</span> <span class='ocrx_word' id='word_1_69' title='bbox 586 735 718 767; x_wconf 82' lang='lat' dir='ltr'>magno</span> <span class='ocrx_word' id='word_1_70' title='bbox 737 723 940 756; x_wconf 77' lang='lat' dir='ltr'>subsideret</span> <span class='ocrx_word' id='word_1_71' title='bbox 958 726 1074 765; x_wconf 80' lang='lat' dir='ltr'>aestu,</span> 
     </span>
     <span class='ocr_line' id='line_1_14' title="bbox 196 775 1126 821; baseline 0 -13"><span class='ocrx_word' id='word_1_72' title='bbox 196 776 265 809; x_wconf 70' lang='lat' dir='ltr'>Iile</span> <span class='ocrx_word' id='word_1_73' title='bbox 284 776 382 809; x_wconf 91' lang='lat' dir='ltr'>viam</span> <span class='ocrx_word' id='word_1_74' title='bbox 402 778 528 810; x_wconf 87' lang='lat' dir='ltr'>contra</span> <span class='ocrx_word' id='word_1_75' title='bbox 547 788 707 821; x_wconf 82' lang='lat' dir='ltr'>carpens,</span> <span class='ocrx_word' id='word_1_76' title='bbox 730 777 849 820; x_wconf 82' lang='lat' dir='ltr'>gravis</span> <span class='ocrx_word' id='word_1_77' title='bbox 869 788 929 810; x_wconf 90' lang='lat' dir='ltr'>ore</span> <span class='ocrx_word' id='word_1_78' title='bbox 948 775 1126 820; x_wconf 80' lang='lat' dir='ltr'>trilingui,</span> 
     </span>
     <span class='ocr_line' id='line_1_15' title="bbox 197 829 1038 874; baseline 0 -12"><span class='ocrx_word' id='word_1_79' title='bbox 197 829 416 873; x_wconf 85' lang='lat' dir='ltr'>Squamosos</span> <span class='ocrx_word' id='word_1_80' title='bbox 435 829 508 862; x_wconf 89' lang='lat' dir='ltr'>late</span> <span class='ocrx_word' id='word_1_81' title='bbox 528 830 724 874; x_wconf 75' lang='lat' dir='ltr'>torquebat</span> <span class='ocrx_word' id='word_1_82' title='bbox 743 830 903 863; x_wconf 84' lang='lat' dir='ltr'>motibus</span> <span class='ocrx_word' id='word_1_83' title='bbox 922 829 1038 872; x_wconf 85' lang='lat' dir='ltr'>orbes,</span> 
     </span>
     <span class='ocr_line' id='line_1_16' title="bbox 196 882 1095 926; baseline 0 -10"><span class='ocrx_word' id='word_1_84' title='bbox 196 882 434 926; x_wconf 84' lang='lat' dir='ltr'>Tollebatque</span> <span class='ocrx_word' id='word_1_85' title='bbox 454 894 562 916; x_wconf 87' lang='lat' dir='ltr'>aurae</span> <span class='ocrx_word' id='word_1_86' title='bbox 581 883 762 916; x_wconf 87' lang='lat' dir='ltr'>venientis</span> <span class='ocrx_word' id='word_1_87' title='bbox 781 883 826 916; x_wconf 90' lang='lat' dir='ltr'>ad</span> <span class='ocrx_word' id='word_1_88' title='bbox 847 882 968 916; x_wconf 88' lang='lat' dir='ltr'>omnia</span> <span class='ocrx_word' id='word_1_89' title='bbox 986 883 1095 916; x_wconf 80' lang='lat' dir='ltr'>visus.</span> 
     </span>
     <span class='ocr_line' id='line_1_17' title="bbox 198 934 1213 980; baseline 0.001 -12"><span class='ocrx_word' id='word_1_90' title='bbox 198 934 279 969; x_wconf 87' lang='lat' dir='ltr'>Iam</span> <span class='ocrx_word' id='word_1_91' title='bbox 298 936 412 979; x_wconf 83' lang='lat' dir='ltr'>magis</span> <span class='ocrx_word' id='word_1_92' title='bbox 431 938 541 979; x_wconf 86' lang='lat' dir='ltr'>atque</span> <span class='ocrx_word' id='word_1_93' title='bbox 561 936 675 980; x_wconf 81' lang='lat' dir='ltr'>magis</span> <span class='ocrx_word' id='word_1_94' title='bbox 694 947 824 980; x_wconf 86' lang='lat' dir='ltr'>corpus</span> <span class='ocrx_word' id='word_1_95' title='bbox 842 936 1041 969; x_wconf 84' lang='lat' dir='ltr'>revolubile</span> <span class='ocrx_word' id='word_1_96' title='bbox 1061 935 1213 970; x_wconf 87' lang='lat' dir='ltr'>volvens</span> 
     </span>
     <span class='ocr_line' id='line_1_18' title="bbox 199 988 989 1033; baseline 0.001 -12"><span class='ocrx_word' id='word_1_97' title='bbox 199 988 349 1022; x_wconf 85' lang='lat' dir='ltr'>Attollit</span> <span class='ocrx_word' id='word_1_98' title='bbox 368 988 495 1022; x_wconf 83' lang='lat' dir='ltr'>nitidis</span> <span class='ocrx_word' id='word_1_99' title='bbox 513 992 639 1033; x_wconf 88' lang='lat' dir='ltr'>pectus</span> <span class='ocrx_word' id='word_1_100' title='bbox 658 989 858 1032; x_wconf 80' lang='lat' dir='ltr'>fulgoribus</span> <span class='ocrx_word' id='word_1_101' title='bbox 878 991 989 1032; x_wconf 78' lang='lat' dir='ltr'>atque</span> 
     </span>
     <span class='ocr_line' id='line_1_19' title="bbox 198 1041 1030 1085; baseline 0.001 -11"><span class='ocrx_word' id='word_1_102' title='bbox 198 1041 353 1075; x_wconf 82' lang='lat' dir='ltr'>Sublimi</span> <span class='ocrx_word' id='word_1_103' title='bbox 373 1042 508 1075; x_wconf 81' lang='lat' dir='ltr'>cervice</span> <span class='ocrx_word' id='word_1_104' title='bbox 528 1045 649 1085; x_wconf 79' lang='lat' dir='ltr'>caput,</span> <span class='ocrx_word' id='word_1_105' title='bbox 673 1043 730 1075; x_wconf 89' lang='lat' dir='ltr'>cui</span> <span class='ocrx_word' id='word_1_106' title='bbox 750 1042 857 1075; x_wconf 74' lang='lat' dir='ltr'>crista</span> <span class='ocrx_word' id='word_1_107' title='bbox 876 1053 1030 1085; x_wconf 81' lang='lat' dir='ltr'>superne</span> 
     </span>
     <span class='ocr_line' id='line_1_20' title="bbox 198 1094 1041 1138; baseline 0.001 -11"><span class='ocrx_word' id='word_1_108' title='bbox 198 1094 308 1128; x_wconf 84' lang='lat' dir='ltr'>Edita</span> <span class='ocrx_word' id='word_1_109' title='bbox 326 1106 508 1138; x_wconf 85' lang='lat' dir='ltr'>purpureo</span> <span class='ocrx_word' id='word_1_110' title='bbox 527 1095 652 1128; x_wconf 90' lang='lat' dir='ltr'>lucens</span> <span class='ocrx_word' id='word_1_111' title='bbox 671 1095 875 1129; x_wconf 87' lang='lat' dir='ltr'>maculatur</span> <span class='ocrx_word' id='word_1_112' title='bbox 893 1095 1041 1138; x_wconf 85' lang='lat' dir='ltr'>amictu,</span> 
     </span>
     <span class='ocr_line' id='line_1_21' title="bbox 198 1148 1154 1192; baseline 0.001 -11"><span class='ocrx_word' id='word_1_113' title='bbox 198 1148 459 1192; x_wconf 85' lang='lat' dir='ltr'>Adspectuque</span> <span class='ocrx_word' id='word_1_114' title='bbox 479 1148 615 1182; x_wconf 83' lang='lat' dir='ltr'>micant</span> <span class='ocrx_word' id='word_1_115' title='bbox 635 1149 861 1182; x_wconf 87' lang='lat' dir='ltr'>flammantia</span> <span class='ocrx_word' id='word_1_116' title='bbox 880 1148 1020 1181; x_wconf 87' lang='lat' dir='ltr'>lumina</span> <span class='ocrx_word' id='word_1_117' title='bbox 1038 1150 1154 1183; x_wconf 81' lang='lat' dir='ltr'>torvo,</span> 
     </span>
     <span class='ocr_line' id='line_1_22' title="bbox 197 1200 1095 1244; baseline 0 -10"><span class='ocrx_word' id='word_1_118' title='bbox 197 1200 366 1234; x_wconf 88' lang='lat' dir='ltr'>Metabat</span> <span class='ocrx_word' id='word_1_119' title='bbox 386 1201 458 1234; x_wconf 88' lang='lat' dir='ltr'>late</span> <span class='ocrx_word' id='word_1_120' title='bbox 478 1201 613 1235; x_wconf 88' lang='lat' dir='ltr'>circum</span> <span class='ocrx_word' id='word_1_121' title='bbox 631 1201 722 1244; x_wconf 85' lang='lat' dir='ltr'>loca,</span> <span class='ocrx_word' id='word_1_122' title='bbox 746 1213 829 1234; x_wconf 90' lang='lat' dir='ltr'>cum</span> <span class='ocrx_word' id='word_1_123' title='bbox 847 1201 949 1235; x_wconf 87' lang='lat' dir='ltr'>videt</span> <span class='ocrx_word' id='word_1_124' title='bbox 967 1201 1095 1244; x_wconf 82' lang='lat' dir='ltr'>ingens</span> 
     </span>
     <span class='ocr_line' id='line_1_23' title="bbox 200 1254 1213 1298; baseline 0.001 -11"><span class='ocrx_word' id='word_1_125' title='bbox 200 1254 407 1288; x_wconf 85' lang='lat' dir='ltr'>Adversum</span> <span class='ocrx_word' id='word_1_126' title='bbox 426 1255 596 1288; x_wconf 84' lang='lat' dir='ltr'>recubare</span> <span class='ocrx_word' id='word_1_127' title='bbox 616 1254 747 1288; x_wconf 88' lang='lat' dir='ltr'>ducem</span> <span class='ocrx_word' id='word_1_128' title='bbox 766 1255 892 1298; x_wconf 81' lang='lat' dir='ltr'>gregis.</span> <span class='ocrx_word' id='word_1_129' title='bbox 952 1255 1080 1287; x_wconf 87' lang='lat' dir='ltr'>Acrior</span> <span class='ocrx_word' id='word_1_130' title='bbox 1098 1254 1213 1288; x_wconf 81' lang='lat' dir='ltr'>instat</span> 
     </span>
     <span class='ocr_line' id='line_1_24' title="bbox 200 1307 1118 1351; baseline 0.001 -11"><span class='ocrx_word' id='word_1_131' title='bbox 200 1307 358 1340; x_wconf 84' lang='lat' dir='ltr'>Lumina</span> <span class='ocrx_word' id='word_1_132' title='bbox 377 1307 586 1341; x_wconf 80' lang='lat' dir='ltr'>diffundens</span> <span class='ocrx_word' id='word_1_133' title='bbox 605 1307 808 1351; x_wconf 84' lang='lat' dir='ltr'>intendere,</span> <span class='ocrx_word' id='word_1_134' title='bbox 832 1311 868 1341; x_wconf 89' lang='lat' dir='ltr'>et</span> <span class='ocrx_word' id='word_1_135' title='bbox 888 1307 995 1341; x_wconf 85' lang='lat' dir='ltr'>obvia</span> <span class='ocrx_word' id='word_1_136' title='bbox 1012 1310 1118 1341; x_wconf 86' lang='lat' dir='ltr'>torvo</span> 
     </span>
     <span class='ocr_line' id='line_1_25' title="bbox 201 1360 1189 1405; baseline 0 -11"><span class='ocrx_word' id='word_1_137' title='bbox 201 1360 351 1405; x_wconf 83' lang='lat' dir='ltr'>Saepius</span> <span class='ocrx_word' id='word_1_138' title='bbox 370 1361 544 1404; x_wconf 79' lang='lat' dir='ltr'>arripiens</span> <span class='ocrx_word' id='word_1_139' title='bbox 562 1361 770 1404; x_wconf 71' lang='lat' dir='ltr'>infringere,</span> <span class='ocrx_word' id='word_1_140' title='bbox 794 1361 893 1404; x_wconf 89' lang='lat' dir='ltr'>quod</span> <span class='ocrx_word' id='word_1_141' title='bbox 912 1372 978 1394; x_wconf 89' lang='lat' dir='ltr'>sua</span> <span class='ocrx_word' id='word_1_142' title='bbox 997 1361 1189 1404; x_wconf 84' lang='lat' dir='ltr'>quisquam</span> 
     </span>
     <span class='ocr_line' id='line_1_26' title="bbox 201 1413 1142 1457; baseline 0.002 -10"><span class='ocrx_word' id='word_1_143' title='bbox 201 1414 261 1447; x_wconf 89' lang='lat' dir='ltr'>Ad</span> <span class='ocrx_word' id='word_1_144' title='bbox 281 1413 375 1447; x_wconf 86' lang='lat' dir='ltr'>vada</span> <span class='ocrx_word' id='word_1_145' title='bbox 395 1414 561 1448; x_wconf 83' lang='lat' dir='ltr'>venisset.</span> <span class='ocrx_word' id='word_1_146' title='bbox 623 1414 790 1447; x_wconf 76' lang='lat' dir='ltr'>Naturae</span> <span class='ocrx_word' id='word_1_147' title='bbox 810 1416 994 1457; x_wconf 78' lang='lat' dir='ltr'>comparat</span> <span class='ocrx_word' id='word_1_148' title='bbox 1014 1426 1114 1447; x_wconf 84' lang='lat' dir='ltr'>arma</span> <span class='ocrx_word' id='word_1_149' title='bbox 1133 1426 1142 1449; x_wconf 68' lang='grc' dir='ltr'>ε</span> 
     </span>
     <span class='ocr_line' id='line_1_27' title="bbox 202 1467 1094 1510; baseline -0.001 -9"><span class='ocrx_word' id='word_1_150' title='bbox 202 1467 320 1501; x_wconf 87' lang='lat' dir='ltr'>Ardet</span> <span class='ocrx_word' id='word_1_151' title='bbox 338 1469 473 1510; x_wconf 70' lang='lat' dir='ltr'>mente,</span> <span class='ocrx_word' id='word_1_152' title='bbox 496 1467 588 1500; x_wconf 88' lang='lat' dir='ltr'>furit</span> <span class='ocrx_word' id='word_1_153' title='bbox 607 1467 834 1509; x_wconf 75' lang='lat' dir='ltr'>stridoribus,</span> <span class='ocrx_word' id='word_1_154' title='bbox 856 1467 1002 1500; x_wconf 85' lang='lat' dir='ltr'>intonat</span> <span class='ocrx_word' id='word_1_155' title='bbox 1021 1478 1094 1510; x_wconf 84' lang='lat' dir='ltr'>ore,</span> 
     </span>
     <span class='ocr_line' id='line_1_28' title="bbox 200 1520 1066 1564; baseline -0.001 -10"><span class='ocrx_word' id='word_1_156' title='bbox 200 1520 375 1554; x_wconf 79' lang='lat' dir='ltr'>Flexibus</span> <span class='ocrx_word' id='word_1_157' title='bbox 394 1520 547 1553; x_wconf 77' lang='lat' dir='ltr'>inversis</span> <span class='ocrx_word' id='word_1_158' title='bbox 566 1523 761 1564; x_wconf 82' lang='lat' dir='ltr'>torquetur</span> <span class='ocrx_word' id='word_1_159' title='bbox 780 1521 938 1563; x_wconf 81' lang='lat' dir='ltr'>corporis</span> <span class='ocrx_word' id='word_1_160' title='bbox 958 1520 1066 1562; x_wconf 86' lang='lat' dir='ltr'>orbis,</span> 
     </span>
     <span class='ocr_line' id='line_1_29' title="bbox 200 1573 1176 1617; baseline 0 -11"><span class='ocrx_word' id='word_1_161' title='bbox 200 1573 358 1607; x_wconf 86' lang='lat' dir='ltr'>Manant</span> <span class='ocrx_word' id='word_1_162' title='bbox 377 1573 594 1617; x_wconf 82' lang='lat' dir='ltr'>sanguineae</span> <span class='ocrx_word' id='word_1_163' title='bbox 614 1585 678 1617; x_wconf 85' lang='lat' dir='ltr'>per</span> <span class='ocrx_word' id='word_1_164' title='bbox 696 1576 834 1607; x_wconf 84' lang='lat' dir='ltr'>tractus</span> <span class='ocrx_word' id='word_1_165' title='bbox 854 1573 1017 1616; x_wconf 71' lang='lat' dir='ltr'>undique</span> <span class='ocrx_word' id='word_1_166' title='bbox 1036 1575 1176 1617; x_wconf 84' lang='lat' dir='ltr'>guttae,</span> 
     </span>
     <span class='ocr_line' id='line_1_30' title="bbox 203 1626 1184 1670; baseline 0 -11"><span class='ocrx_word' id='word_1_167' title='bbox 203 1626 399 1670; x_wconf 86' lang='lat' dir='ltr'>Spiritibus</span> <span class='ocrx_word' id='word_1_168' title='bbox 418 1627 556 1670; x_wconf 85' lang='lat' dir='ltr'>rumpit</span> <span class='ocrx_word' id='word_1_169' title='bbox 575 1628 706 1660; x_wconf 79' lang='lat' dir='ltr'>fauces.</span> <span class='ocrx_word' id='word_1_170' title='bbox 769 1626 850 1667; x_wconf 82' lang='lat' dir='ltr'>Quo</span> <span class='ocrx_word' id='word_1_171' title='bbox 870 1628 1002 1660; x_wconf 88' lang='lat' dir='ltr'>cuncta</span> <span class='ocrx_word' id='word_1_172' title='bbox 1020 1630 1184 1670; x_wconf 87' lang='lat' dir='ltr'>parante,</span> 
     </span>
     <span class='ocr_line' id='line_1_31' title="bbox 199 1679 1096 1724; baseline -0.003 -11"><span class='ocrx_word' id='word_1_173' title='bbox 199 1679 382 1713; x_wconf 72' lang='lat' dir='ltr'>Parvulas</span> <span class='ocrx_word' id='word_1_174' title='bbox 400 1680 562 1713; x_wconf 85' lang='lat' dir='ltr'>humoris</span> <span class='ocrx_word' id='word_1_175' title='bbox 580 1683 763 1724; x_wconf 81' lang='lat' dir='ltr'>pastorem</span> <span class='ocrx_word' id='word_1_176' title='bbox 781 1682 894 1713; x_wconf 80' lang='lat' dir='ltr'>terret</span> <span class='ocrx_word' id='word_1_177' title='bbox 913 1679 1096 1721; x_wconf 63' lang='lat' dir='ltr'>alumnus,</span> 
     </span>
     <span class='ocr_line' id='line_1_32' title="bbox 202 1733 1190 1776; baseline 0 -10"><span class='ocrx_word' id='word_1_178' title='bbox 202 1733 251 1766; x_wconf 87' lang='lat' dir='ltr'>Et</span> <span class='ocrx_word' id='word_1_179' title='bbox 270 1737 426 1766; x_wconf 87' lang='lat' dir='ltr'>mortem</span> <span class='ocrx_word' id='word_1_180' title='bbox 445 1733 560 1766; x_wconf 82' lang='lat' dir='ltr'>vitare</span> <span class='ocrx_word' id='word_1_181' title='bbox 580 1735 705 1766; x_wconf 81' lang='lat' dir='ltr'>monet</span> <span class='ocrx_word' id='word_1_182' title='bbox 724 1745 788 1776; x_wconf 89' lang='lat' dir='ltr'>per</span> <span class='ocrx_word' id='word_1_183' title='bbox 807 1733 974 1766; x_wconf 85' lang='lat' dir='ltr'>acumina</span> <span class='ocrx_word' id='word_1_184' title='bbox 994 1745 1000 1766; x_wconf 92' lang='lat'>:</span> <span class='ocrx_word' id='word_1_185' title='bbox 1030 1744 1190 1776; x_wconf 73' lang='lat' dir='ltr'>namque</span> 
     </span>
     <span class='ocr_line' id='line_1_33' title="bbox 202 1786 1152 1830; baseline 0 -11"><span class='ocrx_word' id='word_1_186' title='bbox 202 1786 283 1827; x_wconf 85' lang='lat' dir='ltr'>Qua</span> <span class='ocrx_word' id='word_1_187' title='bbox 302 1786 454 1819; x_wconf 86' lang='lat' dir='ltr'>diducta</span> <span class='ocrx_word' id='word_1_188' title='bbox 472 1798 583 1830; x_wconf 80' lang='lat' dir='ltr'>genas</span> <span class='ocrx_word' id='word_1_189' title='bbox 602 1786 812 1829; x_wconf 78' lang='lat' dir='ltr'>pandebant</span> <span class='ocrx_word' id='word_1_190' title='bbox 831 1786 970 1819; x_wconf 88' lang='lat' dir='ltr'>lumina</span> <span class='ocrx_word' id='word_1_191' title='bbox 988 1786 1152 1830; x_wconf 60' lang='lat' dir='ltr'>gemmss,</span> 
     </span>
     <span class='ocr_line' id='line_1_34' title="bbox 202 1839 963 1883; baseline 0 -11"><span class='ocrx_word' id='word_1_192' title='bbox 202 1841 257 1873; x_wconf 89' lang='lat' dir='ltr'>Ac</span> <span class='ocrx_word' id='word_1_193' title='bbox 277 1839 427 1872; x_wconf 83' lang='lat' dir='ltr'>senioris</span> <span class='ocrx_word' id='word_1_194' title='bbox 448 1842 525 1873; x_wconf 86' lang='lat' dir='ltr'>erat</span> <span class='ocrx_word' id='word_1_195' title='bbox 545 1842 696 1873; x_wconf 87' lang='lat' dir='ltr'>naturae</span> <span class='ocrx_word' id='word_1_196' title='bbox 716 1839 867 1883; x_wconf 88' lang='lat' dir='ltr'>pupula,</span> <span class='ocrx_word' id='word_1_197' title='bbox 888 1839 963 1872; x_wconf 81' lang='lat' dir='ltr'>telo</span> 
     </span>
     <span class='ocr_line' id='line_1_35' title="bbox 200 1892 1154 1936; baseline -0.001 -10"><span class='ocrx_word' id='word_1_198' title='bbox 200 1892 280 1926; x_wconf 88' lang='lat' dir='ltr'>Icta</span> <span class='ocrx_word' id='word_1_199' title='bbox 298 1892 378 1926; x_wconf 88' lang='lat' dir='ltr'>levi.</span> <span class='ocrx_word' id='word_1_200' title='bbox 440 1893 533 1926; x_wconf 88' lang='lat' dir='ltr'>Tum</span> <span class='ocrx_word' id='word_1_201' title='bbox 552 1892 719 1936; x_wconf 82' lang='lat' dir='ltr'>prosiluit</span> <span class='ocrx_word' id='word_1_202' title='bbox 738 1892 971 1935; x_wconf 87' lang='lat' dir='ltr'>furibundus,</span> <span class='ocrx_word' id='word_1_203' title='bbox 994 1894 1030 1925; x_wconf 92' lang='lat' dir='ltr'>et</span> <span class='ocrx_word' id='word_1_204' title='bbox 1049 1892 1154 1926; x_wconf 87' lang='lat' dir='ltr'>illum</span> 
     </span>
     <span class='ocr_line' id='line_1_36' title="bbox 201 1945 1058 1980; baseline 0 -2"><span class='ocrx_word' id='word_1_205' title='bbox 201 1946 389 1979; x_wconf 86' lang='lat' dir='ltr'>Obtritum</span> <span class='ocrx_word' id='word_1_206' title='bbox 408 1946 518 1979; x_wconf 86' lang='lat' dir='ltr'>morti</span> <span class='ocrx_word' id='word_1_207' title='bbox 537 1946 636 1979; x_wconf 83' lang='lat' dir='ltr'>misit</span> <span class='ocrx_word' id='word_1_208' title='bbox 658 1959 664 1980; x_wconf 89' lang='lat'><strong>:</strong></span> <span class='ocrx_word' id='word_1_209' title='bbox 694 1945 753 1979; x_wconf 91' lang='lat' dir='ltr'>cui</span> <span class='ocrx_word' id='word_1_210' title='bbox 772 1945 921 1979; x_wconf 68' lang='lat' dir='ltr'>dissitus</span> <span class='ocrx_word' id='word_1_211' title='bbox 940 1945 1058 1978; x_wconf 90' lang='lat' dir='ltr'>omnis</span> 
     </span>
     <span class='ocr_line' id='line_1_37' title="bbox 202 1998 1175 2042; baseline 0 -10"><span class='ocrx_word' id='word_1_212' title='bbox 202 1998 361 2042; x_wconf 76' lang='lat' dir='ltr'>Spiritus</span> <span class='ocrx_word' id='word_1_213' title='bbox 380 1999 533 2032; x_wconf 79' lang='lat' dir='ltr'>excessit</span> <span class='ocrx_word' id='word_1_214' title='bbox 552 2010 687 2033; x_wconf 77' lang='lat' dir='ltr'>sensus,</span> <span class='ocrx_word' id='word_1_215' title='bbox 749 1999 842 2032; x_wconf 78' lang='lat' dir='ltr'>Tum</span> <span class='ocrx_word' id='word_1_216' title='bbox 861 2001 967 2032; x_wconf 83' lang='lat' dir='ltr'>torva</span> <span class='ocrx_word' id='word_1_217' title='bbox 985 2000 1175 2032; x_wconf 83' lang='lat' dir='ltr'>tenentem</span> 
     </span>
     <span class='ocr_line' id='line_1_38' title="bbox 200 2051 1127 2096; baseline 0 -12"><span class='ocrx_word' id='word_1_218' title='bbox 200 2051 358 2086; x_wconf 86' lang='lat' dir='ltr'>Lumina</span> <span class='ocrx_word' id='word_1_219' title='bbox 376 2053 535 2096; x_wconf 73' lang='lat' dir='ltr'>respexit</span> <span class='ocrx_word' id='word_1_220' title='bbox 554 2054 761 2095; x_wconf 62' lang='lat' dir='ltr'>sementem</span> <span class='ocrx_word' id='word_1_221' title='bbox 781 2051 985 2085; x_wconf 85' lang='lat' dir='ltr'>comminus</span> <span class='ocrx_word' id='word_1_222' title='bbox 1004 2064 1013 2093; x_wconf 89' lang='lat'>;</span> <span class='ocrx_word' id='word_1_223' title='bbox 1042 2051 1127 2084; x_wconf 84' lang='lat' dir='ltr'>inde</span> 
     </span>
     <span class='ocr_line' id='line_1_39' title="bbox 202 2104 1162 2149; baseline 0 -12"><span class='ocrx_word' id='word_1_224' title='bbox 202 2105 374 2149; x_wconf 79' lang='lat' dir='ltr'>Impiger,</span> <span class='ocrx_word' id='word_1_225' title='bbox 396 2106 585 2148; x_wconf 63' lang='lat' dir='ltr'>exanimis,</span> <span class='ocrx_word' id='word_1_226' title='bbox 607 2105 671 2138; x_wconf 81' lang='lat' dir='ltr'>vix</span> <span class='ocrx_word' id='word_1_227' title='bbox 690 2117 835 2149; x_wconf 80' lang='lat' dir='ltr'>compos</span> <span class='ocrx_word' id='word_1_228' title='bbox 855 2107 991 2148; x_wconf 78' lang='lat' dir='ltr'>mente,</span> <span class='ocrx_word' id='word_1_229' title='bbox 1013 2104 1162 2148; x_wconf 83' lang='lat' dir='ltr'>refugit,</span> 
     </span>
     <span class='ocr_line' id='line_1_40' title="bbox 201 2157 1155 2199; baseline -0.001 -8"><span class='ocrx_word' id='word_1_230' title='bbox 201 2157 250 2191; x_wconf 88' lang='lat' dir='ltr'>Et</span> <span class='ocrx_word' id='word_1_231' title='bbox 270 2158 433 2191; x_wconf 75' lang='lat' dir='ltr'>validum</span> <span class='ocrx_word' id='word_1_232' title='bbox 452 2158 583 2192; x_wconf 82' lang='lat' dir='ltr'>dextra</span> <span class='ocrx_word' id='word_1_233' title='bbox 600 2161 773 2192; x_wconf 76' lang='lat' dir='ltr'>trimcum</span> <span class='ocrx_word' id='word_1_234' title='bbox 792 2158 953 2191; x_wconf 87' lang='lat' dir='ltr'>detraxit</span> <span class='ocrx_word' id='word_1_235' title='bbox 972 2158 1017 2191; x_wconf 86' lang='lat' dir='ltr'>ab</span> <span class='ocrx_word' id='word_1_236' title='bbox 1037 2169 1125 2190; x_wconf 88' lang='lat' dir='ltr'>orno</span> <span class='ocrx_word' id='word_1_237' title='bbox 1145 2171 1155 2199; x_wconf 79' lang='lat'>3</span> 
     </span>
     <span class='ocr_line' id='line_1_41' title="bbox 203 2211 1069 2255; baseline -0.001 -11"><span class='ocrx_word' id='word_1_238' title='bbox 203 2211 270 2244; x_wconf 84' lang='lat' dir='ltr'>Cui</span> <span class='ocrx_word' id='word_1_239' title='bbox 290 2223 392 2244; x_wconf 90' lang='lat' dir='ltr'>casus</span> <span class='ocrx_word' id='word_1_240' title='bbox 412 2211 557 2245; x_wconf 80' lang='lat' dir='ltr'>sociarit</span> <span class='ocrx_word' id='word_1_241' title='bbox 577 2223 681 2255; x_wconf 83' lang='lat' dir='ltr'>opem</span> <span class='ocrx_word' id='word_1_242' title='bbox 702 2223 884 2245; x_wconf 87' lang='lat' dir='ltr'>numcnve</span> <span class='ocrx_word' id='word_1_243' title='bbox 904 2211 1069 2252; x_wconf 76' lang='lat' dir='ltr'>deorum,</span> 
     </span>
     <span class='ocr_line' id='line_1_42' title="bbox 204 2262 1123 2305; baseline -0.002 -8"><span class='ocrx_word' id='word_1_244' title='bbox 204 2264 361 2298; x_wconf 82' lang='lat' dir='ltr'>Prodere</span> <span class='ocrx_word' id='word_1_245' title='bbox 381 2264 428 2297; x_wconf 87' lang='lat' dir='ltr'>sit</span> <span class='ocrx_word' id='word_1_246' title='bbox 448 2264 602 2298; x_wconf 87' lang='lat' dir='ltr'>dubium</span> <span class='ocrx_word' id='word_1_247' title='bbox 621 2278 628 2305; x_wconf 94' lang='lat'>;</span> <span class='ocrx_word' id='word_1_248' title='bbox 657 2264 775 2297; x_wconf 87' lang='lat' dir='ltr'>voluit</span> <span class='ocrx_word' id='word_1_249' title='bbox 795 2264 857 2298; x_wconf 83' lang='lat' dir='ltr'>sed.</span> <span class='ocrx_word' id='word_1_250' title='bbox 877 2264 1019 2298; x_wconf 86' lang='lat' dir='ltr'>vincere</span> <span class='ocrx_word' id='word_1_251' title='bbox 1039 2262 1123 2296; x_wconf 81' lang='lat' dir='ltr'>talis</span> 
     </span>
     <span class='ocr_line' id='line_1_43' title="bbox 202 2316 1164 2361; baseline -0.002 -11"><span class='ocrx_word' id='word_1_252' title='bbox 202 2316 363 2351; x_wconf 87' lang='lat' dir='ltr'>Horrida</span> <span class='ocrx_word' id='word_1_253' title='bbox 382 2318 566 2361; x_wconf 85' lang='lat' dir='ltr'>squamosi</span> <span class='ocrx_word' id='word_1_254' title='bbox 586 2318 772 2351; x_wconf 86' lang='lat' dir='ltr'>volventia</span> <span class='ocrx_word' id='word_1_255' title='bbox 791 2317 953 2350; x_wconf 73' lang='lat' dir='ltr'>membra</span> <span class='ocrx_word' id='word_1_256' title='bbox 972 2316 1137 2349; x_wconf 38' lang='lat' dir='ltr'>«marconis</span> <span class='ocrx_word' id='word_1_257' title='bbox 1155 2328 1164 2359; x_wconf 85' lang='lat'>;</span> 
     </span>
     <span class='ocr_line' id='line_1_44' title="bbox 202 2369 1085 2415; baseline -0.002 -11"><span class='ocrx_word' id='word_1_258' title='bbox 202 2372 324 2415; x_wconf 83' lang='lat' dir='ltr'>Atque</span> <span class='ocrx_word' id='word_1_259' title='bbox 343 2371 558 2405; x_wconf 80' lang='lat' dir='ltr'>reluctantis</span> <span class='ocrx_word' id='word_1_260' title='bbox 577 2370 710 2405; x_wconf 81' lang='lat' dir='ltr'>crebris</span> <span class='ocrx_word' id='word_1_261' title='bbox 729 2370 906 2415; x_wconf 77' lang='lat' dir='ltr'>foedeque</span> <span class='ocrx_word' id='word_1_262' title='bbox 926 2369 1085 2414; x_wconf 71' lang='lat' dir='ltr'>potentis</span> 
     </span>
    </p>
   </div>
   <div class='ocr_carea' id='block_1_4' title="bbox 1373 298 1408 318">
    <p class='ocr_par' dir='ltr' id='par_1_4' title="bbox 1373 298 1408 318">
     <span class='ocr_line' id='line_1_45' title="bbox 1373 298 1408 318; baseline 0 0"><span class='ocrx_word' id='word_1_263' title='bbox 1373 298 1408 318; x_wconf 72' lang='lat'>155</span> 
     </span>
    </p>
   </div>
   <div class='ocr_carea' id='block_1_5' title="bbox 1374 559 1414 580">
    <p class='ocr_par' dir='ltr' id='par_1_5' title="bbox 1374 559 1414 580">
     <span class='ocr_line' id='line_1_46' title="bbox 1374 559 1414 580; baseline -0.05 0"><span class='ocrx_word' id='word_1_264' title='bbox 1374 559 1414 580; x_wconf 76' lang='lat' dir='ltr'>16ss</span> 
     </span>
    </p>
   </div>
   <div class='ocr_carea' id='block_1_6' title="bbox 1377 825 1416 848">
    <p class='ocr_par' dir='ltr' id='par_1_6' title="bbox 1377 825 1416 848">
     <span class='ocr_line' id='line_1_47' title="bbox 1377 825 1416 848; baseline 0.051 -2"><span class='ocrx_word' id='word_1_265' title='bbox 1377 825 1416 848; x_wconf 40' lang='lat'>1⁴⁸</span> 
     </span>
    </p>
   </div>
   <div class='ocr_carea' id='block_1_7' title="bbox 1379 1092 1418 1116">
    <p class='ocr_par' dir='ltr' id='par_1_7' title="bbox 1379 1092 1418 1116">
     <span class='ocr_line' id='line_1_48' title="bbox 1379 1092 1418 1116; baseline -0.077 0"><span class='ocrx_word' id='word_1_266' title='bbox 1379 1092 1418 1116; x_wconf 75' lang='lat'>¹5⁰</span> 
     </span>
    </p>
   </div>
   <div class='ocr_carea' id='block_1_8' title="bbox 1381 1358 1421 1382">
    <p class='ocr_par' dir='ltr' id='par_1_8' title="bbox 1381 1358 1421 1382">
     <span class='ocr_line' id='line_1_49' title="bbox 1381 1358 1421 1382; baseline -0.075 0"><span class='ocrx_word' id='word_1_267' title='bbox 1381 1358 1421 1382; x_wconf 74' lang='lat'>¹7⁵</span> 
     </span>
    </p>
   </div>
   <div class='ocr_carea' id='block_1_9' title="bbox 1382 1623 1423 1644">
    <p class='ocr_par' dir='ltr' id='par_1_9' title="bbox 1382 1623 1423 1644">
     <span class='ocr_line' id='line_1_50' title="bbox 1382 1623 1423 1644; baseline 0 0"><span class='ocrx_word' id='word_1_268' title='bbox 1382 1623 1423 1644; x_wconf 59' lang='lat' dir='ltr'>:so</span> 
     </span>
    </p>
   </div>
   <div class='ocr_carea' id='block_1_10' title="bbox 1385 1889 1425 1910">
    <p class='ocr_par' dir='ltr' id='par_1_10' title="bbox 1385 1889 1425 1910">
     <span class='ocr_line' id='line_1_51' title="bbox 1385 1889 1425 1910; baseline 0.025 -1"><span class='ocrx_word' id='word_1_269' title='bbox 1385 1889 1425 1910; x_wconf 75' lang='lat'>155</span> 
     </span>
    </p>
   </div>
   <div class='ocr_carea' id='block_1_11' title="bbox 1386 2153 1423 2174">
    <p class='ocr_par' dir='ltr' id='par_1_11' title="bbox 1386 2153 1423 2174">
     <span class='ocr_line' id='line_1_52' title="bbox 1386 2153 1423 2174; baseline 0 0"><span class='ocrx_word' id='word_1_270' title='bbox 1386 2153 1423 2174; x_wconf 75' lang='lat'>10⁰</span> 
     </span>
    </p>
   </div>
  </div>
 </body>
</html>
