1528 2569
703 99 837 127 mmm
866 99 896 128 1.
1391 90 1404 128 1
1422 90 1439 128 1

236 188 349 224 Haud
367 188 473 223 aliter
491 199 702 233 puppesque
722 191 798 223 tuae
817 189 1004 233 pubesque
1024 190 1174 222 tuorum

236 243 314 276 Aut
331 245 478 286 portum
497 244 611 285 tenet,
633 245 697 275 aut
717 242 824 286 pleno
843 242 941 275 subit
960 242 1052 276 ostia
1071 242 1160 275 velo.
1402 240 1444 260 ⁴⁰⁰

236 296 351 339 Perge
369 295 490 338 modo,
513 298 562 339 et,
584 305 658 339 qua
676 298 713 328 te
733 295 834 329 ducit
854 295 925 338 via,
947 294 1062 338 dirige
1080 293 1284 339 gressum„

291 348 398 382 Dixit
417 360 425 382 ι
453 350 490 381 et
508 350 676 382 avertens
694 350 798 382 rosea
818 348 953 382 cervice
967 348 1122 391 refulsit,

238 402 511 446 Ambrosiaeque
531 413 643 435 comae
662 401 829 435 divinum
847 401 982 435 vertice
1002 401 1151 435 odorem

239 455 446 499 Spiravere3
474 454 584 499 pedes
602 455 714 488 vestis
735 455 886 488 defluxit
906 455 952 488 ad
970 455 1062 488 imos
1082 468 1089 495 3

240 508 290 542 Et
307 520 394 542 vera
412 508 554 541 incessu
572 508 694 552 patuit
713 507 799 541 Dea.
861 507 941 550 Ille,
963 507 1027 541 ubi
1046 510 1201 542 matrem
1405 505 1447 527 ¹²⁰³

238 561 416 606 Agnovit,
438 561 505 594 tali
524 561 725 604 fugientem
745 564 801 594 est
820 572 906 594 voce
927 563 1073 594 secutus
1093 574 1100 596 z

243 616 269 633 “
286 614 382 655 Quid
403 617 532 647 natum
551 613 660 647 toties
681 613 835 647 crudelis
853 616 897 647 tu
916 625 1062 657 quoque
1075 613 1176 647 falsis

239 667 354 701 Ludis
372 667 591 710 imaginibus
607 667 619 700 2
646 678 710 700 cur
729 666 867 699 dextrae
883 666 1036 709 jungere
1055 666 1223 701 dextram

237 721 325 754 Non
344 720 454 754 datur
472 731 514 753 ac
530 730 634 752 veras
653 719 778 752 audire
797 722 834 752 et
852 719 1003 752 reddere
1022 719 1179 753 voces?''

238 773 384 806 Talibus
400 773 544 806 incusat
562 783 796 816 gressumque
815 772 862 805 ad
880 772 1016 805 moenia
1033 772 1164 806 tendit.
1408 771 1450 792 ⁴¹⁰

238 828 290 860 At
309 826 436 859 Venus
455 825 608 858 obscuro
625 825 831 869 gradientes
850 829 929 858 aere
949 825 1073 868 sepsit,

238 879 287 912 Et
306 879 424 912 multo
441 879 585 912 nebulae
605 878 740 912 circum
758 878 837 911 Dea
851 878 948 912 fudit
967 878 1103 912 amictu
1121 890 1128 913 :

239 932 392 966 Cernere
410 943 456 965 ne
476 931 558 975 quis
577 943 649 974 eos,
670 943 743 965 neu
761 931 842 975 quis
863 931 1070 975 contingere
1089 935 1222 976 posset,

239 985 412 1019 Molirive
432 996 584 1027 moram,
606 988 671 1018 aut
691 985 862 1018 veniendi
879 996 1024 1028 poscere
1043 996 1177 1019 causas.

239 1038 324 1082 Ipsa
342 1038 511 1082 Paphum
530 1038 694 1071 sublimis
714 1038 802 1081 abit,
824 1038 998 1081 sedesque
1017 1038 1142 1072 revisit
1409 1037 1449 1058 ⁴¹⁵

240 1091 343 1125 Laeta
361 1103 444 1124 suas
462 1104 470 1132 ;
497 1091 563 1124 ubi
580 1091 760 1135 templum
778 1091 844 1134 illi,
868 1093 1088 1134 centumque
1109 1091 1235 1125 Sabaeo

242 1145 362 1178 Thure
382 1145 501 1178 calent
521 1155 592 1177 arae
611 1144 789 1188 sertisque
807 1143 1015 1177 recentibus
1034 1144 1171 1178 halant.

294 1197 506 1241 Corripuere
524 1197 621 1230 viam
640 1197 781 1230 interea
800 1209 872 1241 qua
891 1197 1020 1230 semita
1038 1200 1219 1231 monstrat
1236 1210 1244 1233 ε

241 1250 401 1295 Jamque
421 1250 663 1284 ascendebant
683 1250 824 1292 collem,
848 1251 911 1294 qui
930 1249 1108 1293 plurimus
1126 1251 1209 1284 urbi

242 1303 416 1337 Imminet
435 1304 676 1347 adversasque
695 1306 858 1347 aspectat
877 1303 1034 1347 desuper
1052 1315 1159 1337 arces.
1414 1302 1453 1321 ⁴⁹⁰

243 1357 403 1390 Miratur
421 1356 553 1390 molem
574 1356 723 1399 AEneas,
745 1356 900 1399 magalia
919 1356 1106 1400 quondam
1122 1369 1130 1397 ;

241 1410 401 1444 hfiratur
419 1412 553 1453 portas,
575 1409 855 1453 strepitumque,
878 1412 915 1442 et
935 1412 1051 1443 strata
1071 1410 1220 1445 viarum.

240 1463 390 1496 Instant
408 1462 576 1496 ardentes
595 1462 695 1505 Tyrii
713 1475 722 1503 3
750 1474 833 1506 pars
851 1462 982 1495 ducere
1002 1474 1136 1506 muros,

241 1515 439 1560 Molirique
458 1527 589 1558 arcem,
612 1518 648 1548 et
667 1515 836 1549 manibus
855 1515 1070 1549 subvolvere
1091 1527 1177 1549 saxa
1195 1528 1202 1550 z

242 1569 332 1603 Pars
350 1572 474 1613 aptare
493 1569 614 1602 locum
632 1571 742 1611 tectO,
766 1571 803 1602 et
822 1568 1036 1602 concludere
1056 1569 1164 1605 sulco.
1414 1568 1453 1588 ⁴²⁵

240 1622 267 1655 J
269 1634 335 1656 ura
352 1622 658 1665 magistratusque
677 1622 804 1666 legunt
823 1624 1063 1665 sanctumque
1083 1625 1260 1657 senatum.

243 1675 316 1709 Hic
336 1678 462 1719 portus
481 1675 542 1708 alii
560 1675 739 1708 effodiunt
757 1688 766 1716 ;
793 1674 852 1708 ln'c
871 1675 946 1708 alta
965 1675 1117 1708 theatris

241 1728 498 1762 Fundamenta
516 1728 637 1762 locant
656 1728 730 1771 alii,
751 1728 999 1771 immanesque
1019 1728 1205 1761 colunmas

241 1781 411 1825 Rupibus
429 1781 616 1824 excidunt,
638 1781 753 1814 scenis
771 1781 900 1814 decora
918 1781 993 1814 alta
1010 1781 1144 1815 futuris
1161 1793 1168 1816 :

245 1834 370 1874 Qualis
389 1845 474 1878 apes
493 1836 620 1867 aestate
640 1836 736 1867 nova
752 1845 816 1877 per
835 1834 945 1867 florea
962 1845 1047 1867 rura
1414 1833 1455 1854 ⁴³⁰

243 1886 400 1920 Exercet
418 1886 486 1920 sub
505 1887 579 1920 sole
598 1887 712 1930 labor,
735 1898 848 1931 quum
868 1887 987 1930 gentis
1006 1887 1152 1921 adultos

242 1939 417 1973 Educunt
436 1940 560 1982 foetus,
583 1942 647 1973 aut
667 1951 782 1983 quum
801 1940 980 1983 liquentia
999 1940 1108 1974 mella

244 1992 403 2037 Stipant,
427 1995 463 2026 et
483 1992 582 2026 dulci
597 1993 815 2026 distendunt
834 1995 980 2026 nectare
1000 1993 1107 2026 cellas
1124 2006 1132 2034 3

243 2046 323 2080 Aut
343 2057 453 2079 onera
472 2046 655 2089 accipiunt
675 2046 900 2089 venientum,
923 2048 989 2079 aut
1008 2046 1151 2089 agmine
1169 2046 1268 2080 facto

242 2099 423 2143 Ignavum
442 2099 545 2132 fucos
564 2111 673 2143 pecus
693 2111 714 2133 a
732 2099 954 2143 praesepibus
972 2102 1097 2133 arcent
1118 2111 1125 2133 z
1414 2097 1454 2118 ⁴³³

243 2151 377 2186 Fervet
397 2164 499 2196 opus,
521 2152 761 2196 redolentque
781 2152 909 2196 thymo
928 2152 1128 2196 fragrantia
1145 2152 1262 2186 mella.

247 2207 272 2223 “
289 2206 320 2239 O
339 2205 530 2248 fortunati,
554 2217 709 2249 quorum
725 2205 740 2249 j
754 2217 804 2239 im
823 2205 960 2239 moenia
979 2207 1135 2249 surgiuit
1152 2206 1159 2239 !
1175 2204 1194 2222 ’'

243 2258 383 2292 AEneas
401 2257 465 2301 ait,
488 2261 525 2292 et
544 2259 689 2302 fastigia
708 2258 858 2302 suspicit
876 2258 986 2292 urbis.

243 2310 364 2345 Infert
382 2323 420 2345 se
439 2314 563 2356 septus
582 2312 717 2345 nebula
738 2311 917 2355 (mirabile
936 2311 1058 2346 dictu!
1074 2311 1088 2356 )

245 2363 317 2397 Per
335 2364 486 2408 medios,
507 2365 707 2410 miscetque
726 2365 812 2398 viris
829 2377 838 2406 3
865 2376 984 2410 neque
1003 2365 1164 2399 cernitur
1181 2364 1256 2400 ulli.
1415 2362 1457 2382 ⁴¹⁰
