1559 2584
110 80 188 120 110

583 89 768 120 VIRGILII
797 89 952 119 AENEIS.

214 176 323 213 Stant
342 177 439 211 terra
457 176 587 211 defixae
601 179 726 221 hastae,
751 179 957 223 passimque
977 177 1088 212 soluti

214 231 287 265 Per
305 242 449 275 campos
467 233 665 274 pascuntur
683 228 769 275 equi
789 242 795 266 ε
825 242 908 276 quae
926 231 1043 276 gratia
1061 232 1208 266 currum

215 286 486 327 Armorumque
503 284 576 317 fuit
595 283 700 326 vivis,
723 295 806 328 quae
825 295 911 318 cura
929 284 1089 318 nitentes

215 336 367 371 Pascere
386 346 510 380 eqUOS‚
527 336 654 370 eadem
672 337 837 380 sequitur
854 337 985 370 tellure
1002 339 1174 381 repostos,
1193 356 1198 360 -

217 389 416 434 Conspicit,
439 400 530 432 ecce,
552 389 642 423 alios
660 389 794 423 dextra
812 390 980 433 laevaque
998 401 1062 434 per
1080 390 1230 423 herbam

216 442 427 485 Vescentes,
448 442 649 486 laetumque
668 442 775 476 choro
794 452 922 486 paeana
940 445 1121 486 canentes,

217 495 322 529 Inter
340 495 535 529 odoratum
552 495 646 528 lauri
664 507 794 528 nemus
814 508 821 536 3
849 495 948 528 unde
967 505 1122 539 superne

217 548 406 582 Plurimus
424 548 575 581 Eridani
594 560 658 592 per
675 548 816 592 sylvam
834 548 997 582 volvitur
1015 548 1141 582 amnis.

218 600 292 635 Hic
311 612 441 634 manus
459 601 505 634 ob
524 601 680 644 patriam
698 601 895 644 pugnando
914 601 1067 634 vulnera
1085 601 1180 645 passi
1197 613 1208 643 3

219 654 364 698 Quique
382 653 585 687 sacerdotes
604 653 705 696 casti,
728 653 817 687 dum
836 653 913 687 vita
931 654 1103 688 manebat
1122 667 1130 695 ;

219 707 364 751 Quique
382 706 434 751 pii
451 709 565 749 vates,
588 709 625 740 et
645 706 785 740 Phoebo
804 706 913 750 digna
931 707 1045 740 locuti
1065 720 1073 747 ;

219 760 396 794 Inventas
415 763 479 793 aut
499 759 562 804 qui
581 760 695 793 vitani
715 760 903 793 excoluere
922 771 985 804 per
1004 762 1125 802 artes3

220 812 366 856 Quique
385 817 442 846 sui
461 824 638 846 memores
657 813 746 846 alios
764 812 879 846 fecere
898 813 1071 846 merendo
1090 825 1096 846 :

219 866 399 899 Omnibus
417 865 474 899 his
492 866 600 899 nivea
619 866 816 909 cinguntur
834 868 998 908 tempora
1016 865 1121 899 vitta.

220 918 320 959 Quos
340 919 575 952 circumfusos
595 919 645 952 sie
664 921 718 952 est
737 919 848 952 affata
867 918 1017 962 Sibylla,

220 971 405 1005 Musaeum
424 974 510 1005 ante
529 983 654 1005 omnes
672 985 679 1012 3
707 971 869 1005 medium
888 983 972 1005 nain
987 971 1143 1015 plurima
1161 972 1269 1006 turba

219 1024 332 1058 Hunc
349 1024 469 1067 habet,
494 1027 605 1068 atque
623 1025 784 1057 humeris
802 1027 1008 1057 exstantem
1028 1025 1178 1068 suspicit
1197 1025 1280 1059 altis
1297 1037 1303 1059 :

224 1078 249 1095 “
266 1077 397 1120 Dicite,
422 1077 544 1110 felices
564 1077 706 1120 animae,
729 1080 856 1121 tuque,
880 1077 1015 1121 optime
1036 1080 1150 1120 vates,

221 1129 313 1170 Quae
331 1129 429 1173 regio
448 1130 646 1172 Anchisen,
670 1130 752 1173 quis
770 1130 882 1163 habet
901 1130 1001 1163 locus
1019 1130 1030 1163 2
1058 1130 1155 1163 illius
1175 1142 1257 1174 ergo

220 1181 411 1225 Venimus,
435 1185 473 1216 et
491 1194 640 1226 magnos
660 1182 769 1216 Erebi
786 1183 1012 1216 tranavimus
1031 1183 1194 1217 amnes.’'

220 1236 347 1278 Atque
367 1235 452 1269 huic
470 1247 684 1279 responsum
702 1235 826 1279 paucis
845 1236 897 1269 ita
915 1236 1076 1269 reddidit
1095 1236 1200 1270 heros
1217 1248 1224 1271 :

218 1287 327 1322 Nulli
346 1291 443 1322 certa
462 1288 591 1322 domus
611 1301 617 1323 :
645 1289 736 1322 lucis
753 1289 961 1323 habitamus
979 1289 1109 1333 opacis,

219 1340 471 1385 Riparumque
489 1344 588 1375 toros
608 1345 645 1376 et
662 1344 767 1386 prata
784 1342 944 1375 recentia
962 1342 1050 1375 rivis

219 1393 418 1428 Incolimus
439 1407 445 1428 ε
475 1395 538 1428 sed
559 1407 633 1439 vos,
656 1395 685 1428 si
704 1395 775 1429 fert
793 1395 845 1428 ita
865 1395 970 1429 corde
990 1395 1173 1439 voluntas,

219 1446 303 1480 Hoc
321 1450 488 1491 superate
502 1448 646 1492 jugum,
670 1450 706 1481 et
724 1448 822 1481 facili
835 1448 913 1492 jain
932 1448 1079 1482 tramite
1098 1448 1263 1483 sista1n.’'

221 1499 328 1533 Dixit
346 1513 355 1542 3
383 1503 420 1534 et
439 1503 525 1534 ante
545 1501 632 1534 tulit
651 1513 826 1545 gressum,
849 1513 1066 1545 camposque
1086 1502 1246 1535 nitentes

219 1552 387 1597 Desuper
405 1556 566 1587 ostentat
586 1566 593 1588 z
623 1554 754 1587 dehinc
774 1565 915 1587 summa
935 1555 1121 1588 cacumina
1141 1555 1326 1599 linquunt.

273 1605 326 1639 At
344 1609 447 1650 pater
465 1607 641 1640 Anchises
660 1607 807 1650 penitus
826 1607 988 1640 convalle
1008 1607 1142 1641 virenti

219 1657 383 1692 Inclusas
402 1660 552 1703 animas,
574 1671 818 1704 superumque
837 1660 884 1693 ad
902 1660 1027 1693 lumen
1046 1661 1173 1704 itiuas,

219 1711 417 1746 Lustrabat
436 1712 558 1746 studio
577 1713 737 1746 recolens
757 1726 765 1755 3
794 1724 1010 1757 omnemque
1025 1724 1172 1748 suorum

219 1763 330 1798 Forte
349 1766 556 1799 recensebat
576 1777 778 1808 numerum,
804 1777 976 1809 carosque
996 1769 1156 1810 nepotes,

219 1816 397 1861 Fataque,
417 1818 656 1862 fortunasque
676 1819 808 1862 virum,
830 1830 1032 1863 moresque,
1054 1830 1264 1864 manusque.

220 1868 332 1914 Isque
352 1871 415 1904 ubi
433 1871 646 1905 tendentem
667 1872 859 1905 adversum
877 1884 942 1916 per
960 1872 1123 1915 gramina
1141 1873 1235 1907 vidit

219 1922 379 1966 EEnean,
402 1924 528 1957 alacris
547 1925 685 1969 palmas
705 1928 877 1969 utrasque
896 1925 1056 1959 tetendit
1074 1937 1083 1967 3

218 1975 426 2020 Effusaeque
445 1978 547 2021 genis
565 1978 755 2021 lacrymae3
784 1981 821 2011 et
840 1990 913 2011 vox
933 1978 1068 2012 excidit
1087 1990 1147 2012 ore
1159 1991 1172 2013 v:

222 2030 247 2046 “
265 2029 409 2063 Venisti
427 2030 588 2073 tandem,
610 2033 748 2075 tuaque
766 2033 957 2075 expectata
971 2031 1114 2075 parenti

219 2080 320 2115 Vicit
338 2082 408 2116 iter
426 2083 560 2116 durum
579 2084 695 2127 pietas
708 2085 719 2117 ’Ζ
749 2084 859 2117 datur
878 2096 938 2118 ora
957 2085 1063 2127 tucri,

219 2133 331 2178 Nate,
353 2138 430 2178 tua,
452 2139 489 2169 et
508 2139 613 2170 notas
632 2137 758 2170 audire
778 2140 814 2171 ct
833 2137 983 2171 reddere
1003 2136 1134 2170 voces?

219 2187 277 2220 Sic
296 2188 465 2231 equidem
484 2189 661 2223 ducebam
679 2190 812 2234 animo,
833 2190 1009 2234 rebarque
1028 2190 1207 2233 futurum,

219 2239 397 2284 Tempora
415 2241 651 2277 dinumerans
670 2256 678 2284 ;
707 2255 774 2277 nec
793 2255 850 2277 me
869 2254 950 2277 mea
970 2254 1055 2276 cura
1074 2243 1215 2277 fefellit.

220 2291 318 2332 Quas
337 2304 401 2338 ogo
420 2296 458 2327 te
478 2297 591 2328 terras
611 2298 647 2329 et
667 2299 805 2340 quanta
823 2308 887 2340 per
905 2307 1052 2339 aequora
1070 2299 1215 2329 vectum

219 2346 369 2390 Accipio
386 2348 393 2381 Ξ
423 2348 571 2391 quantis
585 2348 780 2393 jactatum,
804 2351 900 2393 nate,
923 2349 1064 2392 periclis
1081 2350 1088 2383 2

1386 333 1427 356 65⁵

1388 599 1431 620 650

1390 864 1432 884 665

1391 1394 1434 1417 675

1393 1925 1434 1945 55³

1393 2190 1434 2209 6:10
