1528 2569
639 86 772 117 LIBER
801 88 874 118 vn.
1336 79 1379 119 1}
1393 82 1414 119 9

208 174 333 211 Prima
350 174 438 211 tulit
456 175 567 211 finem
587 190 594 218 ;
623 178 850 223 primamque
867 175 1052 222 loquentis
1071 177 1116 212 ab
1135 188 1195 212 ore

209 229 354 274 Eripuit
372 232 487 274 pater,
504 241 555 273 ac,
577 231 802 274 stupefactus
820 230 983 274 numine,
1003 230 1143 275 pressit.

209 282 392 316 Continuo
410 295 416 316 :
449 283 474 301 “
491 282 608 325 Salve,
631 283 716 317 fatis
733 283 825 316 mihi
843 283 967 317 debita
983 283 1093 317 tellus
1113 296 1121 324 ;
1376 284 1415 302 ¹³⁸⁸

210 334 397 379 Vosqncss’
417 335 481 377 ait,
507 337 532 353 “
545 347 566 369 o
585 336 650 368 fidi
669 336 785 379 Trojae
804 336 940 369 salvete
960 336 1125 370 Penates.

209 387 283 421 Hic
302 388 444 430 domus,
465 388 556 431 haec,
577 389 695 432 patria
714 391 776 422 est.
839 388 992 422 Genitor
1016 389 1104 422 mihi
1129 389 1414 457 taliasfixamque

210 439 247 473 N
251 452 321 473 unc
339 440 478 484 repeto)
494 441 670 474 Anchises
684 441 843 474 fatorum
862 453 992 475 arcana
1010 441 1159 485 reliquit
1177 454 1207 477 ’,ι’

211 492 334 534 Quum
352 497 401 536 te,
426 496 522 536 nate,
545 494 670 536 fames,
692 494 816 537 ignota
831 493 877 527 ad
896 494 1022 527 littora
1039 497 1198 537 vectum,

210 546 346 580 Accisis
365 549 467 590 coget
486 547 640 590 dapibus
659 558 867 580 consumere
885 558 1039 590 mensas,

211 599 304 632 Tum
322 611 464 643 sperare
479 599 605 632 domos
623 599 796 643 defessus,
817 599 939 643 ibique
958 602 1142 633 memento

210 651 334 685 Prima
351 652 468 685 locare
487 663 611 694 manu,
633 652 823 695 molirique
843 663 982 695 aggere,
1005 655 1111 686 tecta.

211 703 303 738 Haec
322 706 399 737 erat
418 704 481 738 illa
499 705 634 744 fames;
663 704 740 738 haec
759 715 826 737 nos
845 715 1012 747 suprema
1026 704 1209 747 manebat,

210 756 343 790 Exitiis
361 757 523 800 positura
542 756 701 790 modum.

211 809 331 850 Quare
350 809 459 852 agite,
482 812 518 842 et
537 809 653 852 primo
672 809 749 842 laeti
769 820 851 842 cum
869 809 1007 842 lumine
1027 809 1132 852 Solis,
1379 808 1416 828 η’

212 862 301 903 Quae
321 862 411 905 loca,
434 862 542 905 quive
561 862 721 895 habeant
739 862 917 904 homines,
939 862 1003 895 ubi
1022 863 1157 896 moenia
1175 862 1305 907 gentis,

210 915 454 959 vestigemus,
477 917 514 948 et
533 926 554 948 a
572 917 681 958 portu
701 914 844 948 diversa
861 917 1038 958 petamus.

209 968 320 1001 Nunc
339 970 480 1011 pateras
499 967 609 1000 libate
628 967 655 1001 J
658 967 728 1010 ovi,
750 967 988 1011 precibusque
1008 971 1136 1001 vocate

210 1020 394 1054 Anchisen
412 1021 625 1064 genitorem,
648 1022 685 1053 et
704 1020 790 1053 vina
806 1021 971 1064 reponite
989 1021 1159 1055 mensis.’'

211 1073 269 1107 Sic
287 1073 418 1106 deinde
437 1074 577 1115 effatus,
599 1073 787 1106 frondenti
803 1076 967 1117 tempora
984 1084 1085 1107 ramo
1380 1072 1418 1092 ¹³⁵

210 1126 392 1170 Implicat,
414 1129 451 1159 et
471 1126 701 1169 Geniumque
719 1126 800 1168 loci,
821 1126 1047 1169 primamque
1065 1126 1227 1160 Deorum

210 1179 403 1222 Tellurem,
425 1179 702 1222 Nymphasque,
724 1181 761 1212 et
779 1178 897 1212 adhuc
915 1178 1041 1222 ignota
1059 1182 1228 1222 precatur

210 1232 377 1266 Numina
397 1245 403 1266 ε
432 1234 513 1264 tum
532 1231 702 1274 Noctem,
720 1231 923 1275 Noctisque
942 1231 1096 1265 orientia
1115 1232 1236 1276 Signa,

210 1285 425 1328 Idaeumque
444 1284 470 1317 J
473 1295 589 1327 ovem,
607 1284 877 1328 Phrygiamque
895 1296 941 1317 ex
960 1284 1086 1318 ordine
1104 1288 1269 1329 matrem,

211 1338 376 1380 Invocat,
398 1340 435 1371 et
454 1337 616 1380 duplices
635 1337 806 1380 Ooeloque
826 1337 1016 1381 Ereboque
1034 1340 1210 1381 parentes
1382 1336 1419 1355 ¹⁴⁰

210 1390 283 1424 Hic
302 1393 405 1434 pater
424 1390 653 1433 omnipotens
671 1392 729 1423 ter
748 1390 837 1423 coelo
857 1389 973 1423 clarus
992 1390 1037 1423 ab
1056 1390 1131 1424 alto

210 1443 392 1486 Intonuit,
414 1443 596 1486 radiisque
614 1442 803 1476 ardentem
821 1443 911 1475 lucis
930 1445 967 1476 et
985 1454 1074 1476 auro

211 1496 293 1540 Ipse
311 1507 422 1529 manu
441 1495 610 1539 quatiens
628 1496 788 1529 ostendit
807 1496 852 1528 ab
873 1496 1008 1528 aethere
1027 1496 1171 1530 nubem.

210 1549 361 1582 Diditur
378 1548 437 1582 hio
455 1549 576 1582 subito
596 1548 751 1592 Trojana
769 1560 833 1592 per
851 1548 996 1591 agmina
1014 1560 1149 1592 rumor,

209 1602 411 1635 Advenisse
429 1601 538 1644 diem,
561 1612 633 1644 quo
652 1601 776 1634 debita
793 1601 928 1634 moenia
947 1601 1114 1635 condant.
1381 1600 1420 1619 ¹⁴⁵

210 1655 386 1688 Certatim
404 1654 611 1687 instaurant
630 1654 766 1697 epulas,
788 1657 900 1698 atque
920 1654 1042 1687 omine
1061 1665 1192 1698 magno

211 1707 376 1741 Crateras
393 1707 471 1740 laeti
489 1710 672 1749 statuunt,
694 1709 732 1740 et
751 1707 836 1740 Vina
855 1709 1038 1740 coronant.

264 1760 416 1794 Postera
435 1771 549 1803 quum
567 1760 685 1803 prima
703 1759 884 1792 lustrabat
902 1759 1069 1803 lampade
1091 1762 1205 1793 terras

211 1812 302 1846 Orta
320 1812 408 1854 dies,
430 1812 570 1854 urbem,
593 1815 630 1845 et
649 1812 750 1854 fines,
773 1815 810 1845 et
824 1811 950 1845 littora
968 1812 1086 1855 gentis

208 1865 354 1899 Diversi
371 1865 562 1908 explorant
580 1878 587 1905 3
614 1865 693 1897 haec
710 1864 823 1897 fontis
841 1867 969 1907 stagna
987 1864 1148 1906 Numici,
1382 1863 1421 1883 ¹⁵⁰

209 1917 323 1951 Hunc
340 1917 487 1960 Tybrim
508 1917 674 1959 fiuvium,
695 1917 754 1950 hic
772 1917 884 1950 fortes
903 1917 1067 1950 habitare
1087 1916 1246 1950 Latinos.

207 1970 301 2004 Tum
321 1973 420 2004 satus
439 1970 602 2003 Anchisa
620 1969 779 2003 delectos
797 1969 923 2003 ordine
942 1970 988 2002 ab
1007 1969 1106 2002 omni

208 2023 366 2056 Centum
384 2026 542 2056 oratores
560 2025 715 2066 augusta
732 2022 780 2056 ad
798 2023 933 2055 moenia
950 2022 1043 2066 regis

209 2075 267 2109 Ire
282 2076 402 2119 jubet,
424 2076 533 2108 ramis
555 2075 690 2108 velatos
710 2074 870 2108 Palladis
888 2086 1024 2117 omneS,

207 2128 385 2172 Donaque
410 2128 503 2161 ferre
521 2127 611 2170 viro,
632 2139 828 2172 pacemque
847 2139 1038 2171 exposcere
1057 2125 1211 2161 Teucris.

208 2181 322 2215 Haud
335 2192 436 2214 mora
456 2193 462 2214 :
491 2181 669 2214 festinant
683 2181 787 2224 jussi,
809 2181 1016 2224 rapidisque
1035 2180 1205 2214 feruntur

207 2233 388 2267 Passibus.
449 2233 532 2277 Ipse
551 2233 682 2266 humili
702 2233 866 2276 designat
885 2233 1020 2266 moenia
1038 2233 1147 2268 fossa.

207 2286 434 2329 Moliturque
453 2285 585 2328 locum,
607 2285 815 2330 primasque
834 2286 871 2319 in
891 2285 1014 2319 littore
1032 2284 1146 2327 sedes,

209 2338 416 2372 Castrorum
437 2338 473 2372 in
494 2349 642 2381 irorcm,
666 2338 786 2382 pinnis
806 2340 917 2382 atque
935 2350 1063 2382 aggero
1083 2338 1205 2382 cinglt.

1383 2125 1419 2145 Γᾶ
