1528 2569
678 56 813 86 LIBER
841 56 900 86 IX.

240 143 297 178 Ex
316 143 425 189 longo
443 143 572 189 rabie&
593 147 631 180 et
650 146 752 180 siccae
772 146 948 191 sanguine
965 146 1102 192 fauces)
1119 159 1126 183 :

244 197 354 231 Haud
372 197 478 231 aliter
495 198 636 232 Rutulo
655 210 778 233 muros
796 202 834 233 et
852 202 970 234 castra
987 199 1110 235 tuenti

240 249 440 294 Ignescunt
457 250 534 294 irae,
557 253 594 285 et
612 251 713 285 duris
732 251 836 286 dolor
854 252 994 286 ossibus
1012 252 1117 286 ardet
1133 265 1143 294 3

241 302 322 343 Qua
340 305 460 337 tentet
478 304 620 337 ratione
638 304 772 348 aditus,
794 308 832 338 et
851 316 933 349 quae
951 304 1011 339 via
1029 305 1168 339 clausos

240 355 416 389 Excutiat
434 356 590 390 Teucros
609 357 717 400 vallo,
739 360 850 401 atque
870 358 1034 391 effundat
1053 358 1092 392 in
1111 369 1247 402 aequor.

241 408 412 452 Classem,
435 420 517 453 quae
535 409 643 443 lateri
662 412 861 444 castrorum
881 410 1055 454 adjuncta
1073 411 1225 456 latebat,

238 461 442 505 Aggeribus
460 465 600 506 septam
619 462 754 496 circum
774 465 810 496 et
829 463 1036 497 fluvialibus
1054 464 1176 508 undis,

239 513 390 548 Invadit
406 527 415 556 ;
443 515 630 559 sociosque
648 515 816 550 incendia
833 516 950 560 poscit
968 518 1119 550 ovantes
1136 529 1145 558 ;

240 568 364 611 Atque
382 579 533 601 manum
551 568 643 612 pinu
661 568 829 612 flagranti
846 569 1009 602 fervidus
1027 569 1164 613 implet.

239 619 333 653 Tum
352 632 437 654 vero
455 620 673 654 incumbunt
692 634 701 663 3
730 623 835 665 urget
853 622 1046 665 praesentia
1065 622 1179 656 Turni
1196 634 1208 665 ;

241 673 366 716 Atque
385 673 502 706 omnis
521 673 659 707 facibus
677 673 791 717 pubes
811 674 1012 718 accingitur
1029 674 1117 708 atris
1135 687 1142 709 :

239 724 432 769 Diripuere
451 726 550 759 focos
570 738 576 759 :
605 726 749 769 piceum
767 727 839 759 fert
857 726 999 760 fumida
1016 726 1140 760 lumen

239 777 361 821 Taeda,
384 781 421 812 et
440 778 675 812 commixtam
693 778 883 813 Vulcanus
901 779 948 812 ad
967 781 1063 813 astra
1081 779 1254 814 favillam.

293 830 383 871 Quis
400 831 514 874 Deus,
537 842 558 864 o
578 831 710 875 Musae,
731 833 809 865 tam
828 843 924 865 saeva
941 831 1110 866 incendia
1129 832 1275 867 Teucris

238 883 386 917 Avertit
403 883 415 917 2
441 886 565 917 tantos
583 884 723 918 ratibus
742 885 824 928 quis
842 884 984 928 depulit
1002 884 1129 928 ignes?

238 936 370 970 Dicite.
431 936 554 970 Prisca
572 936 662 970 fides
680 937 788 980 facto,
810 937 872 970 sed
891 938 989 971 fama
1007 937 1185 981 perennis.

292 989 467 1033 Tempore
487 1001 558 1033 quo
577 989 737 1033 primum
755 990 916 1034 Phrygia
934 990 1115 1024 formabat
1133 991 1173 1024 in
1191 990 1261 1025 Ida

240 1042 377 1075 AEneas
396 1042 560 1086 classem,
583 1045 620 1076 et
638 1043 756 1087 pelagi
774 1045 897 1087 petere
916 1043 991 1077 alta
1009 1043 1174 1087 parabat,

239 1094 326 1138 Ipsa
343 1095 464 1128 Deum
481 1095 598 1128 fertur
616 1096 775 1139 genitrix
794 1096 1038 1140 Berecynthia
1056 1108 1231 1140 magnum

240 1146 403 1181 Vocibus
421 1147 478 1180 his
497 1148 608 1181 affata
625 1148 651 1181 J
654 1159 777 1183 ovem:
810 1150 835 1166 “
851 1148 920 1192 Da,
942 1151 1040 1191 nate,
1062 1149 1214 1192 petenti,

240 1199 347 1241 Quod
365 1203 430 1234 tua
449 1212 529 1234 cara
547 1212 675 1244 parens
694 1201 832 1235 domito
850 1204 888 1235 te
905 1201 1021 1245 poscit
1040 1201 1205 1245 Olympo.

238 1253 354 1287 Pinea
373 1253 477 1297 sylva
494 1253 597 1296 mihi,
618 1254 756 1287 multos
775 1254 908 1288 dilecta
925 1265 990 1298 per
1007 1265 1135 1297 annos,

240 1305 362 1340 Lucus
380 1306 419 1339 in
438 1318 518 1340 arce
537 1306 609 1340 fuit
629 1309 784 1350 summa,
807 1318 880 1351 quo
899 1318 999 1340 sacra
1016 1307 1195 1350 ferebant,

239 1358 278 1392 N
280 1359 413 1403 igranti
431 1359 534 1403 picea
552 1358 788 1403 trabibusque
808 1360 981 1393 obscurus
999 1359 1157 1394 acernis:

238 1411 320 1445 Has
339 1423 404 1456 ego
422 1411 608 1445 Dardanio
622 1412 764 1456 juveni,
786 1424 901 1456 quum
920 1412 1041 1446 classis
1060 1414 1192 1456 egeret,

239 1464 344 1498 Laeta
362 1464 468 1506 dedi3
496 1476 594 1498 nunc
614 1465 806 1498 sollicitam
825 1464 934 1498 timor
953 1465 1085 1498 anxius
1103 1466 1210 1509 urget
1230 1476 1236 1499 :

240 1517 347 1551 Solve
367 1520 499 1561 metus,
522 1520 634 1561 atque
652 1517 721 1551 hoc
739 1518 906 1561 precibus
925 1517 1002 1551 sine
1021 1529 1124 1561 posse
1143 1519 1333 1562 parentem
1350 1530 1359 1559 ;

239 1569 299 1604 Ne
319 1581 427 1604 cursu
447 1573 626 1614 quassatae
645 1571 734 1614 ullo,
756 1582 828 1604 neu
847 1570 993 1604 turbine
1013 1570 1116 1604 venti

240 1622 449 1656 Vincantur
466 1636 473 1658 :
500 1623 615 1667 prosit
634 1623 767 1657 nostris
786 1623 826 1656 in
844 1623 1032 1657 montibus
1050 1625 1157 1658 ortas.
1164 1623 1185 1641 '²

239 1675 356 1709 Filius
375 1676 460 1709 huic
479 1679 615 1720 cmtra,
639 1678 789 1720 torquet
809 1676 873 1720 qui
891 1675 1010 1709 sidera
1028 1675 1158 1709 mundi
1176 1688 1184 1711 z

243 1729 270 1747 “
283 1728 313 1762 O
332 1728 510 1773 genetriX,
535 1740 608 1773 quo
626 1729 703 1762 fata
721 1740 828 1762 vocas
843 1729 855 1762 ‘3
882 1731 947 1762 aut
966 1728 1055 1772 quid
1074 1728 1168 1773 petis
1186 1727 1293 1762 ist-is?

240 1781 439 1815 Mortaline
457 1792 570 1814 manu
587 1781 694 1815 factae
713 1781 918 1814 immortale
938 1781 1069 1814 carinae

240 1833 312 1868 Fas
331 1833 489 1867 habeant
504 1834 516 1867 2
544 1836 736 1877 certusque
755 1834 893 1867 incerta
911 1833 1071 1877 pericula
1088 1833 1222 1868 lustret

241 1886 378 1920 AEneas
393 1887 404 1920 ’ἒ
433 1886 492 1920 cui
509 1889 615 1920 tanta
633 1886 711 1920 Deo
730 1886 905 1930 permissa
922 1888 1084 1930 potestas
1101 1885 1113 1919 2

241 1939 370 1982 Immo,
394 1939 459 1972 ubi
478 1939 663 1972 defunctae
681 1939 793 1973 finem
812 1941 1010 1983 portusque
1029 1938 1212 1972 tenebunt

241 1992 435 2035 Ausonios,
458 1992 544 2025 olim
564 2003 791 2036 quaecunque
810 1992 964 2025 evasen't
983 1991 1103 2034 undis,

241 2044 541 2088 Dardaniumque
561 2045 691 2078 ducem
710 2044 907 2078 Laurentia
925 2044 1067 2078 vexerit
1085 2055 1184 2087 arva,

241 2097 439 2131 Mortalem
458 2097 607 2141 eripiam
626 2098 790 2140 formam,
813 2097 1008 2141 magnique
1023 2096 1162 2141 jubebo

241 2150 418 2194 AEquoris
437 2162 512 2184 esse
532 2150 645 2185 Deas:
675 2151 800 2194 quales
818 2150 952 2183 Nereia
970 2150 1068 2184 Doto

241 2202 292 2236 Et
312 2202 464 2236 Galatea
482 2206 605 2237 secant
625 2206 855 2247 spumantem
874 2205 1017 2247 pectore
1036 2202 1231 2247 pontum.''

241 2255 414 2297 Dixerat;
442 2256 553 2300 idque
572 2259 704 2299 ratum,
728 2256 846 2300 Stygii
865 2268 929 2300 per
947 2256 1099 2289 flumina
1117 2255 1252 2299 fratris,

242 2307 314 2341 Per
332 2308 410 2352 pice
428 2311 608 2344 torrentes
628 2307 779 2353 atraque
795 2309 964 2353 voragine
983 2308 1091 2352 ripas,

1365 51 1445 89 155

1419 199 1447 220 6³

1420 461 1448 486 70

1421 726 1447 749 7⁵

1421 988 1449 1008 80

1424 1516 1450 1536 90

1425 1779 1453 1800 95

1416 2040 1456 2063 100

1416 2304 1457 2326 105
