1528 2569
647 108 782 138 LIBER.
812 108 889 137 xit.

222 198 284 233 Bis
298 197 375 243 jam
394 197 508 232 Italos
526 198 648 232 hostes
664 211 673 240 ;
702 198 780 232 haec
799 198 912 231 altera
931 196 1068 230 foedera
1086 196 1215 242 rumpi.

219 252 395 286 Exoritur
412 251 573 295 trepidos
590 251 686 285 inter
703 250 882 285 discordia
900 249 1013 284 cives:

220 305 358 338 Urbem
376 304 438 337 alii
456 315 611 337 reserare
626 304 770 347 jubent,
795 305 831 337 et
849 302 1007 347 pandere
1025 304 1147 346 portas

218 357 449 399 Dardanidis,
470 356 662 400 ipsumque
680 357 833 389 trahunt
852 356 890 388 in
909 355 1044 388 moenia
1062 366 1183 399 regem
1199 368 1209 398 3

219 410 332 443 Arma
350 410 474 443 ferunt
493 409 565 452 alii,
588 412 625 442 et
643 411 799 452 pergunt
818 408 1012 442 defendere
1030 419 1172 443 muros:

218 462 382 496 Inclusas
401 464 443 495 ut
465 473 580 506 quum
598 462 777 495 latebroso
796 461 835 494 in
853 461 995 505 pumice
1014 462 1138 503 pastor

218 514 425 559 Vestigavit
443 526 539 558 apes,
561 515 736 558 fumoque
755 513 922 558 implevit
940 525 1083 554 amar03

218 568 297 601 111ae
316 568 416 601 intus
435 567 588 611 trepidae
606 579 728 601 rerum
746 578 809 611 per
828 578 929 600 cerea
948 569 1065 600 castra

217 621 449 663 Discurrunt,
471 620 683 664 magnisque
703 621 840 653 acuunt
859 619 1073 652 stridoribus
1091 619 1185 661 iras3

218 673 393 707 Volvitur
412 676 491 706 ater
510 673 599 706 odor
616 672 743 713 tectis3
771 674 852 705 tum
871 683 1055 705 murmure
1076 682 1169 705 caeco

218 726 327 759 Intus
345 737 434 759 saxa
452 727 583 759 sonant
597 738 605 767 ;
634 736 766 758 vacuas
783 725 813 758 it
831 724 954 758 fumus
974 724 1021 757 ad
1040 736 1156 758 auras.

270 778 414 812 Accidit
433 779 511 811 haec
529 778 632 811 fessis
652 778 761 811 etiam
779 778 928 810 fortuna
947 776 1100 820 Latinis,

219 831 308 872 Quae
326 834 443 865 totam
461 830 564 864 luctu
584 830 764 864 concussit
782 829 949 863 funditus
966 829 1103 863 urbem.

218 884 359 928 Regina
376 886 418 917 ut
436 883 544 917 tectis
563 883 769 916 venientem
787 882 960 926 prospicit
978 882 1133 925 hostem,

217 937 356 971 Incessi
374 948 511 980 muros,
533 936 634 980 ignes
653 935 699 969 ad
718 938 817 969 tecta
837 935 978 976 volare3

217 989 412 1034 Nusquam
430 989 524 1024 acies
543 990 668 1022 contra
687 988 858 1031 Rutulas,
879 988 981 1021 nulla
999 987 1143 1031 agmina
1161 986 1275 1021 Turni
1285 1000 1295 1028 ;

218 1043 353 1076 Infelix
373 1054 505 1086 pugnae
520 1042 695 1086 juvenem
713 1041 752 1074 in
771 1040 966 1074 certamine
985 1040 1100 1074 credit

217 1095 450 1129 Exstinctum
461 1108 469 1137 ;
498 1098 547 1138 et,
570 1094 690 1128 subito
710 1096 870 1127 mentem
888 1093 1036 1126 turbata
1054 1092 1190 1135 dolore,

219 1149 265 1183 Se
284 1159 428 1182 causam
448 1148 590 1190 clamat,
615 1146 823 1190 crimenque
840 1149 1020 1190 caputque
1039 1146 1217 1179 malorum
1228 1158 1237 1187 3

218 1201 413 1245 Multaque
432 1212 496 1244 per
513 1202 685 1233 moestum
704 1199 852 1232 demens
871 1199 979 1232 effata
996 1199 1165 1242 furorem,

219 1254 426 1298 Purpureos
444 1253 622 1287 moritura
640 1264 752 1285 manu
771 1251 946 1286 discindit
965 1251 1133 1294 amictus,

218 1307 266 1341 Et
286 1306 424 1340 nodum
443 1306 610 1339 informis
628 1305 694 1339 leti
713 1305 816 1338 trabe
835 1304 949 1338 nectit
968 1304 1012 1338 ab
1031 1304 1115 1337 alta.

218 1359 336 1401 Quam
356 1359 495 1393 cladem
514 1358 653 1392 miserae
673 1360 868 1402 postquam
887 1356 1053 1401 accepere
1072 1356 1227 1400 Latinae,

217 1413 312 1446 Filia
330 1412 446 1456 prima
464 1423 576 1445 manu
595 1412 708 1445 flavos
728 1410 879 1444 Lavinia
898 1410 1013 1443 crines

218 1465 267 1499 Et
285 1476 404 1499 roseas
421 1465 557 1498 laniata
575 1475 697 1508 genas,
720 1465 799 1496 tum
820 1465 937 1496 cetera
956 1463 1091 1496 c'rcum

217 1518 337 1552 Turba
356 1518 464 1552 fruit:
493 1519 663 1550 resonant
682 1516 755 1550 late
773 1516 1005 1559 plangoribus
1025 1516 1129 1549 aedes.

218 1571 318 1605 Hinc
337 1574 453 1604 totam
472 1570 602 1603 infelix
623 1569 795 1612 vulgatur
813 1569 909 1602 fania
928 1580 991 1612 per
1010 1569 1159 1603 urbem:
1309 1588 1331 1602 ο

217 1624 430 1658 Demittunt
449 1625 608 1656 mentes:
637 1623 667 1655 it
687 1619 796 1655 scissa
814 1624 915 1655 veste
936 1621 1103 1664 Latinus,

218 1677 391 1720 Conjugis
410 1676 590 1709 attonitus
609 1675 694 1708 fatis
712 1674 884 1718 urbisque
903 1674 1019 1717 ruina,

217 1729 396 1763 Canitiem
414 1728 604 1762 immundo
622 1728 805 1771 perfusam
824 1727 971 1771 pulvere
984 1730 1136 1770 turpans
1152 1737 1160 1760 ε

218 1783 413 1825 Multaque
429 1793 465 1815 se
485 1782 639 1823 incusat,
662 1780 726 1824 qui
744 1791 819 1813 non
838 1780 1014 1823 acceperit
1033 1782 1118 1813 ante

218 1835 445 1869 Dardanium
464 1833 621 1876 AEnean,
644 1844 888 1876 generumque
907 1831 1073 1865 asciverit
1093 1832 1200 1865 ultro.

272 1888 417 1921 Interea
436 1889 598 1920 extremo
617 1885 773 1919 bellator
790 1886 828 1918 in
848 1896 994 1929 aequore
1013 1885 1158 1918 Turnus

219 1941 390 1975 Palantes
410 1939 575 1984 sequitur
593 1949 737 1982 paucos,
756 1938 834 1982 jain
853 1938 1006 1982 segnior,
1029 1940 1139 1980 atque

218 1993 245 2027 J
246 2005 305 2027 am
324 1994 445 2026 minus
465 1995 574 2036 atque
593 1991 713 2024 minus
733 2002 898 2024 successu
917 1991 1023 2024 lictus
1042 2001 1228 2034 equorum.

217 2046 359 2080 Attulit
377 2046 474 2079 hunc
493 2045 547 2078 illi
566 2044 667 2078 caecis
686 2044 883 2078 terroribus
901 2054 989 2076 aura
1092 2043 1096 2046 ’

220 2099 467 2133 ΟιηηΠιίΧίῑιιιΠ
487 2098 688 2140 clamorem,
712 2099 940 2140 arrectasque
958 2095 1104 2140 impulit
1123 2106 1227 2129 aures

219 2152 388 2186 Confusae
407 2162 516 2184 sonus
535 2150 649 2193 urbis,
671 2152 707 2183 et
727 2149 914 2183 illaetabile
934 2160 1106 2182 murmur.

222 2207 248 2224 “
261 2204 335 2238 Hei
353 2204 444 2238 mihi
460 2206 467 2238 l
498 2203 586 2247 quid
607 2205 711 2236 tanto
731 2202 928 2236 turbantur
947 2202 1081 2235 moenia
1100 2200 1230 2234 luctu?

219 2257 353 2299 Quisve
372 2257 447 2290 ruit
465 2258 592 2290 tantus
611 2255 753 2289 diversa
772 2255 905 2288 clamor
924 2255 969 2288 ab
988 2255 1076 2288 urbe
1092 2253 1129 2288 2⁷²

220 2311 277 2345 Sic
296 2310 348 2344 ait
365 2323 373 2351 ;
402 2309 643 2352 adductisque
662 2320 785 2342 amens
807 2307 970 2341 subsistit
989 2307 1160 2341 habenis:

219 2364 342 2407 Atque
361 2363 457 2406 huic,
479 2362 517 2395 in
536 2362 665 2395 faciem
684 2373 784 2395 soror
802 2363 844 2395 ut
864 2372 1035 2395 conversa
1055 2359 1202 2394 Metisci

1350 102 1430 140 231

1390 353 1431 373 585

1386 615 1430 636 590

1388 879 1429 900 595

1386 1142 1429 1162 600

1386 1405 1428 1426 605

1390 1669 1430 1690 rulo

1391 1933 1431 1954 615

1392 2197 1432 2217 6:1¹
