1559 2584
147 110 226 148 114

613 120 799 148 VlRGILII
829 118 983 147 AENEIS.

251 206 417 242 Consulis
436 206 628 250 imperium
646 207 706 241 hic
724 207 863 251 primus
882 217 1068 250 saevasque
1088 217 1227 240 secures
1419 203 1462 224 3²⁰

251 261 417 308 Accipiet
439 273 446 301 ;
475 262 652 303 natosque
667 263 782 304 pater,
804 271 900 293 nova
918 259 1012 293 bella
1026 263 1227 303 moventes,

252 314 311 347 Ad
331 324 476 356 poenam
496 312 648 356 pulchra
665 324 729 356 pro
748 312 917 346 libertate
936 312 1079 346 vocabit
1097 324 1104 346 ε

251 366 388 400 Infelix
407 367 414 400 l
471 365 670 408 Utcunque
689 365 808 398 ferent
827 377 869 398 ea
886 365 984 398 facta
1002 365 1170 408 minores,

251 419 387 452 Vincet
406 429 507 452 amor
525 418 652 461 patriae
671 418 896 461 laudumque
915 417 1092 451 immensa
1111 417 1251 461 cupido.

252 471 351 512 Quin
369 471 511 514 Decios,
533 471 744 514 Drusosque
763 470 901 514 procul,
924 481 1135 514 saevumque
1154 470 1269 504 securi
1421 467 1465 487 8²⁵

253 524 385 568 Aspice
404 523 644 567 Torquatum,
666 526 703 557 et
723 524 941 557 referentem
960 523 1063 567 signa
1077 522 1279 557 Camillum.

253 577 334 610 Illae
353 579 489 619 autem,
511 576 657 620 paribus
677 587 766 620 quas
785 576 923 619 fulgere
943 574 1058 609 cernis
1077 575 1115 608 in
1134 575 1256 618 armis,

253 630 455 664 Concordes
474 629 605 662 animae
623 640 733 672 nunc,
756 631 793 662 et
812 629 902 662 dum
921 631 1026 661 nocte
1045 630 1274 671 premuntur,

254 682 340 716 Heu
360 685 541 726 quantum
560 682 656 715 inter
675 693 711 715 se
731 682 878 724 bellum,
904 681 934 714 si
952 681 1092 714 lumina
1112 681 1198 714 vitae

253 735 470 779 Atbigerint,
493 738 649 779 quantas
668 735 760 768 acies
780 738 1009 778 stragemque
1029 732 1197 769 ciebunt!
1423 730 1468 750 ⁸³⁰

254 788 456 832 Aggeribus
476 799 575 822 socer
593 788 736 831 Alpinis
756 790 866 831 atque
885 798 964 820 arce
985 786 1146 820 Monoeci

255 841 489 875 Descendens
507 853 515 882 ;
543 852 653 885 gener
671 840 832 874 adversis
851 840 1053 873 instructus
1072 839 1167 874 Eois.

256 894 327 937 Ne,
350 894 467 938 pueri,
489 905 536 927 ne
555 896 661 927 tanta
680 893 813 927 animis
832 892 1026 926 assuescite
1045 892 1141 926 bella
1160 905 1170 934 ;

255 946 341 980 Neu
360 946 486 990 patri-oe
502 946 640 980 validas
660 946 698 979 in
718 946 854 979 viscera
872 945 1005 979 vertite
1026 945 1127 979 vires.

256 1000 384 1044 Tuque
403 999 512 1043 prior,
535 1002 578 1032 tu
597 1011 714 1042 parce,
736 1010 850 1042 genus
870 998 933 1042 qui
952 998 1054 1031 ducis
1074 998 1229 1042 Olympo
1248 1009 1259 1040 3

257 1052 400 1096 Projice
420 1052 494 1085 tela
512 1063 636 1095 manu,
660 1052 805 1094 sanguis
823 1062 934 1084 meus

257 1105 326 1139 Ille
345 1105 575 1148 triumphata
596 1104 775 1148 Capitolia
794 1104 841 1137 ad
860 1104 935 1137 alta
955 1103 1130 1137 Corintho

255 1156 386 1191 Victor
404 1160 486 1201 aget
506 1169 664 1200 currum,
687 1157 787 1190 caesis
805 1157 957 1200 insignis
976 1156 1125 1190 Achivis
1143 1168 1150 1191 ε

256 1210 371 1244 Eruet
389 1210 451 1244 ille
470 1210 600 1254 Argos,
623 1210 1000 1254 Agamemnoniasque
1020 1210 1209 1253 MycenaS‚

256 1263 459 1307 Ipsumque
479 1263 670 1306 rEaeiden,
693 1275 807 1306 genus
827 1262 1080 1306 armipotentis
1098 1261 1255 1296 Achillei
1272 1274 1280 1303 ;
1430 1259 1472 1279 ⁸⁴¹¹

256 1316 369 1350 Ultus
388 1328 475 1349 avus
495 1316 623 1360 Trojae,
648 1316 785 1360 templa
804 1318 840 1349 et
859 1318 1036 1349 temerata
1055 1315 1242 1348 Minervae.

311 1369 400 1410 Quis
419 1371 469 1412 tc,
492 1381 622 1413 magne
644 1369 746 1412 Cato,
768 1369 936 1412 tacitum,
958 1371 1022 1402 aut
1041 1371 1091 1411 te,
1115 1368 1232 1411 Cosse,
1257 1367 1463 1410 relinquat?

258 1421 348 1463 Quis
369 1422 522 1456 Gracchi
535 1434 649 1466 genus
665 1422 676 1455 ’Ζ
704 1424 768 1455 aut
787 1422 962 1465 geminos,
985 1422 1058 1454 duo
1077 1421 1233 1455 fulmina
1252 1419 1348 1463 belli,

259 1475 457 1518 Scipiadas,
480 1475 619 1508 cladem
639 1475 764 1518 Liby-„13
783 1475 795 1508 2
822 1486 1007 1518 parvoque
1027 1476 1215 1518 potentem

257 1527 492 1562 Fabricium?
519 1528 578 1561 vel
595 1530 632 1561 te
652 1528 761 1569 sulco,
785 1527 948 1569 Serrane,
971 1530 1151 1561 serentem
1168 1526 1180 1560 ‘l
1433 1523 1476 1543 ⁸⁴⁵

259 1580 340 1622 Quo
360 1581 494 1614 fessum
513 1581 652 1624 rapitis,
676 1580 808 1614 Fabii?
862 1580 917 1613 Tu
938 1580 1124 1613 Maximus
1144 1580 1205 1613 ille
1225 1591 1274 1623 es,

260 1634 366 1667 Unus
387 1633 451 1677 qui
471 1633 576 1666 nobis
597 1633 803 1667 cunctando
822 1633 987 1666 restituis
1006 1644 1083 1666 rem
1102 1644 1108 1667 :

260 1686 455 1720 Excudent
476 1686 537 1719 alii
557 1686 732 1730 spirantia
751 1686 897 1719 mollius
916 1698 999 1728 cera,

260 1739 376 1773 Credo
396 1739 576 1783 equidem,
610 1739 713 1773 vivos
733 1739 870 1772 ducent
889 1739 934 1772 de
954 1749 1133 1772 marmore
1149 1737 1275 1772 vultus
1295 1750 1302 1773 :

259 1792 428 1826 Orabunt
448 1803 572 1825 causas
592 1792 722 1825 melius
740 1805 748 1833 ;
778 1792 932 1835 coelique
952 1794 1094 1825 meatus
1434 1787 1478 1807 8⁵⁰

259 1845 476 1878 Describent
493 1845 593 1878 radio
615 1858 623 1886 ;
652 1847 690 1878 et
710 1845 895 1888 surgentia
915 1844 1034 1878 sidera
1053 1844 1179 1877 dicent
1200 1856 1206 1878 ι

259 1898 315 1932 Tu
334 1909 455 1941 regere
476 1898 627 1941 imperio
647 1898 812 1941 populos,
835 1897 1013 1941 Romane,
1035 1899 1219 1930 memento
1240 1908 1248 1931 ε

260 1951 331 1984 Hae
351 1950 420 1983 tibi
440 1953 548 1983 erunt
568 1953 664 1984 artes
685 1964 692 1992 ;
721 1951 891 1994 pacisque
912 1950 1096 1994 imponere
1112 1961 1260 1991 morem,

260 2004 413 2037 Parcere
434 2003 620 2047 subjectis,
644 2006 681 2037 et
701 2003 880 2036 debellere
900 2002 1110 2046 superbos.''
1435 1999 1476 2020 ²³⁵⁵

261 2057 319 2090 Sic
338 2059 442 2100 pater
462 2056 661 2097 Anchises3
691 2059 802 2100 atque
822 2056 900 2089 haec
919 2055 1138 2089 mirantibus
1158 2054 1262 2088 addit
1279 2066 1286 2089 :

263 2111 289 2127 “
303 2109 448 2152 Aspice,
471 2112 514 2142 ut
534 2109 686 2152 insignis
707 2109 830 2153 spoliis
850 2108 1048 2142 Marcellus
1068 2107 1198 2152 opimis

260 2162 486 2206 Ingreditur,
510 2162 699 2206 victorque
719 2161 814 2195 viros
835 2161 1080 2205 supereminet
1099 2160 1242 2194 omncs!

259 2215 333 2248 Hic
351 2226 428 2248 rem
447 2215 663 2258 Romanam,
686 2226 817 2258 magno
835 2214 1009 2248 turbante
1027 2213 1206 2256 tumultu,

260 2267 373 2302 Sistet
393 2280 401 2308 ;
430 2279 540 2311 eques
559 2270 697 2301 sternet
717 2267 862 2310 Poenos,
886 2267 1105 2310 Gallumque
1124 2266 1295 2300 rebellem
1311 2278 1322 2308 3

262 2320 456 2364 Tertiaque
476 2332 575 2354 arma
594 2321 689 2364 patri
710 2320 907 2364 suspendet
927 2322 1033 2363 capta
1053 2318 1215 2360 Quirino.
1436 2316 1476 2336 ⁸⁸⁰

317 2374 439 2418 Atque
459 2372 517 2408 hic
538 2373 675 2407 AEneas
696 2373 783 2418 (una
802 2384 959 2416 namque
979 2372 1030 2406 ire
1051 2371 1197 2406 videbat

1426 993 1470 1014 835
