1559 2584
81 88 135 125 44

556 99 741 126 VIRGILII
771 100 924 128 AENEIS.

188 184 267 218 Nec
286 184 492 219 meminisse
511 186 580 220 viae
599 187 721 220 media
740 187 936 221 Palinums
955 188 993 222 in
1013 186 1124 223 unda.

187 238 273 271 Tres
291 239 382 272 adeo
400 239 557 272 incertos
577 241 671 273 caeca
691 240 843 284 caligine
862 241 955 274 soles

186 291 360 324 Erramus
379 291 518 335 pelago,
540 292 696 326 totidem
716 293 793 326 sine
813 293 929 327 side-:e
948 297 1073 328 noctes
1092 307 1098 329 :

188 343 326 384 Quarto
345 346 442 377 terra
461 344 519 377 die
538 345 697 388 primum
716 357 752 379 se
772 347 939 380 attollere
958 347 1108 381 taudem

186 396 289 437 Visa,
311 397 449 440 aperire
469 398 594 441 procul
614 401 768 441 montes,
790 410 831 432 110
851 399 994 432 volvere
1014 400 1169 434 fumum.

187 448 280 482 Vela
299 449 436 483 cadunt
457 463 465 490 ;
493 451 602 483 remis
621 451 842 495 insurgimus
863 464 870 486 :
897 452 996 486 haud
1017 464 1128 496 mora,
1150 456 1274 488 nautae

186 502 325 535 Adnixi
343 505 518 546 torquent
537 515 683 547 spumas
703 507 740 537 et
760 505 895 538 coerula
913 508 1073 539 verrunt.

187 555 381 589 Servatum
400 567 444 589 ex
464 556 573 589 undis
594 557 840 600 Strophadum
861 569 918 591 me
937 557 1062 591 littora
1081 559 1239 602 primum

185 608 382 652 Accipiunt
403 621 409 643 :
440 609 660 653 Strophades
681 610 789 643 Graio
810 612 910 643 stant
930 611 1076 644 nomine
1096 611 1216 655 dictae,

186 661 322 694 Insulae
342 661 446 695 Ionio
466 662 504 695 111
523 674 668 706 magno,
692 674 781 706 quas
801 663 880 696 dira
899 664 1041 696 Celaeno

188 714 437 758 Harpyiaeque
457 715 582 749 colunt
602 715 682 749 aliae
704 729 712 757 3
741 715 896 749 Phineia
914 719 1107 760 postquam

185 767 317 801 Clausa
335 767 476 810 domus,
498 780 713 812 mensasque
731 771 833 802 metu
853 769 990 812 liquere
1009 770 1153 813 priores.

185 820 338 854 Tristius
357 821 455 854 haud
474 821 545 854 illis
564 824 781 864 monstrmn,
799 834 865 855 nec
884 823 1012 856 saevior
1031 823 1106 856 111111

186 873 306 907 Pestis
325 876 362 907 et
380 874 434 907 ira
452 874 572 907 Deum
593 874 729 918 Stygiis
748 886 823 907 sese
842 875 976 908 extulit
995 876 1113 909 undis.

187 926 352 970 Virginei
371 927 560 960 volucrum
579 928 715 968 vultus,
740 927 940 961 foedissima
958 929 1097 962 ventris

186 979 390 1022 Proluvics,
411 991 589 1023 uncaeque
609 991 750 1023 manus,
773 982 810 1013 et
828 981 964 1024 pallida
983 993 1122 1025 semper

188 1033 260 1066 Ora
278 1033 386 1066 fame.

241 1085 328 1118 Huc
346 1086 409 1118 ubi
428 1085 542 1119 delati
560 1088 687 1129 portus
706 1086 936 1129 intravimus,
960 1098 1039 1120 ecce

187 1138 290 1172 Laeta
308 1139 420 1171 boum
439 1139 572 1182 passim
592 1139 728 1183 campis
748 1142 913 1173 armenta
932 1140 1100 1174 videmus

188 1191 503 1235 Oaprigeuumque
522 1204 643 1235 pecus,
665 1193 768 1225 nullo
788 1193 950 1236 custode,
974 1205 1038 1236 per
1056 1193 1194 1228 herbas.

189 1244 368 1278 Irruimus
387 1245 494 1287 ferro,
518 1248 555 1278 et
575 1245 689 1278 Divos
707 1245 900 1289 ipsumque
919 1258 1090 1279 vocamus

188 1297 234 1331 In
253 1300 394 1341 partem
413 1298 646 1342 praedamque
665 1298 692 1331 J
694 1310 798 1331 ovem
817 1311 824 1332 :
852 1301 933 1332 tum
954 1299 1077 1333 littore
1097 1311 1207 1334 curvo

188 1350 477 1394 Extruimusque
496 1353 607 1394 toros,
631 1351 859 1395 dapibusque
879 1352 1069 1395 epulamur
1088 1353 1225 1396 opimis.

189 1404 240 1437 At
261 1404 393 1437 subitae
413 1404 581 1437 horrifico
601 1404 705 1448 lapsu
725 1405 770 1438 de
790 1405 977 1438 montibus
997 1405 1132 1439 adsunt

194 1456 376 1500 Harpyiae,
399 1461 436 1490 et
455 1458 595 1500 magnis
615 1458 787 1500 quatiunt
806 1458 1035 1501 clangoribus
1054 1459 1140 1501 alas,

188 1509 449 1553 Diripiuntque
469 1510 591 1553 dapes,
614 1513 858 1554 contactuque
879 1511 1000 1544 onmia
1018 1511 1161 1546 foedant

190 1563 388 1596 Immundo
406 1575 413 1597 ε
442 1565 523 1595 tum
543 1574 616 1596 vox
634 1566 773 1596 tetrum
792 1563 871 1596 dira
890 1563 986 1596 inter
1006 1564 1162 1599 odorem.

189 1616 351 1649 Rursum
370 1615 409 1649 in
428 1627 568 1649 secessu
587 1616 694 1659 longo
714 1616 782 1649 sub
800 1627 890 1660 rupe
911 1619 1051 1660 cavata,

189 1668 392 1702 Arboribus
411 1669 524 1702 clausi
543 1669 677 1702 circum
696 1671 807 1713 atque
827 1669 1059 1703 horrentibus
1078 1670 1230 1714 umbris,

191 1722 414 1755 Instruimus
433 1733 588 1764 mensas,
611 1722 754 1766 arisque
773 1722 981 1766 reponimus
1001 1723 1122 1766 ignem
1140 1736 1146 1757 :

190 1774 354 1808 Rursum
374 1786 419 1808 ex
439 1775 581 1807 diverso
601 1775 695 1817 coeli,
719 1775 894 1818 caecisque
913 1775 1074 1819 latebris,

190 1827 312 1861 Turba
330 1839 462 1861 sonans
480 1828 641 1871 praedam
656 1828 808 1872 pedibus
828 1828 1063 1862 circumvolat
1082 1829 1187 1863 uncis
1207 1842 1215 1870 ;

190 1881 330 1914 Polluit
349 1892 409 1914 ore
428 1881 548 1924 dapes.
610 1881 724 1914 Sociis
742 1884 843 1923 tunc,
865 1893 966 1915 arma
986 1885 1186 1925 capessant,

189 1934 315 1976 Edico,
338 1936 375 1967 et
393 1934 473 1967 dira
492 1934 628 1967 bellum
649 1946 731 1967 cum
750 1937 858 1978 gente
878 1934 1086 1978 gerendum.

190 1987 304 2020 Haud
325 1998 426 2020 secus
445 1998 486 2020 ac
500 1987 595 2031 jussi
613 1987 767 2030 faciunt,
789 1989 977 2031 tectosque
997 1999 1060 2031 per
1079 1987 1229 2022 herbam

190 2039 403 2084 Disponunt
422 2051 536 2083 enses,
560 2043 597 2073 et
616 2043 718 2074 scuta
736 2040 891 2073 latentia
910 2041 1084 2075 condunt.

193 2093 288 2136 Ergo
308 2093 373 2126 ubi
392 2093 550 2137 delapsae
571 2094 734 2126 sonitum
753 2105 817 2137 per
836 2105 948 2127 curva
966 2093 1097 2127 dedere

190 2145 346 2189 Littera,
368 2146 434 2180 dat
452 2147 596 2190 signum
616 2147 764 2190 specula
783 2146 948 2180 Misenus
967 2146 1013 2179 ab
1031 2147 1109 2180 alta

191 2198 280 2232 AEre
299 2210 387 2233 cavo
408 2211 415 2233 :
441 2198 626 2233 invadunt
645 2198 744 2242 socii,
767 2202 804 2233 et
822 2211 919 2233 nova
936 2199 1062 2243 praelia
1079 2201 1240 2244 tentant,

192 2251 390 2285 Obseoenas
408 2252 526 2296 pelagi
545 2252 640 2286 ferro
659 2253 798 2287 foedare
817 2252 990 2287 volucres.

192 2304 263 2338 Sed
283 2315 402 2348 neque
422 2305 496 2338 vim
515 2305 650 2349 plumis
669 2305 796 2348 ullam,
818 2316 885 2338 nec
904 2304 1058 2338 vulnera
1076 2306 1178 2349 tergo

192 2357 388 2402 Accipiunt
405 2370 414 2400 ;
442 2358 621 2402 celerique
641 2359 727 2402 fuga
746 2358 814 2392 sub
832 2357 950 2392 sidera
967 2357 1078 2402 lapsae

1361 346 1403 368 205
1427 362 1431 366 .

1362 1933 1406 1954 ‘235

1362 2199 1406 2219 240
