1528 2569
669 86 804 113 LIBER
832 85 893 113 1x.
1356 73 1434 112 161

227 173 362 209 Exitio.
421 172 562 208 Passim
580 172 667 207 vino
685 183 885 216 somnoque
903 182 968 216 per
985 170 1132 205 herbam

230 227 390 272 Corpora
406 226 489 261 fusa
507 227 636 260 vident
651 239 660 268 ;
689 228 849 259 arrectos
867 224 991 258 littore
1011 235 1136 258 currus
1153 236 1164 266 ;

229 280 332 314 Inter
350 280 426 314 lora
442 283 626 323 rotasque,
647 278 744 312 viros
761 291 768 319 ;
797 277 906 311 simul
925 288 1025 310 arma
1039 277 1172 321 jacere,

229 333 327 367 Vina
345 332 463 366 simul.
522 332 629 365 Prior
647 330 867 375 Hyrtacides
884 330 934 363 sic
952 341 1013 363 ore
1031 329 1176 363 locutus
1193 340 1200 363 :

233 387 258 404 “
273 385 444 430 Euryale,
466 384 676 418 audendum
694 384 826 417 dextra
843 395 849 417 :
878 394 977 416 nunc
995 382 1073 426 ipsa
1091 384 1198 416 vocat
1217 392 1274 415 res
1290 392 1300 417 ε

231 438 314 472 Hac
332 438 404 471 iter
422 440 477 471 est
495 450 501 471 :
529 440 585 480 tu,
607 448 653 470 ne
673 448 745 481 qua
763 447 893 470 manus
913 447 949 468 se
968 434 1259 478 attollerenobis

229 491 264 524 A
280 493 382 535 tergo
400 491 525 535 possit,
547 489 701 533 custodi,
723 491 760 523 et
779 489 924 523 consule
943 488 1048 532 longe
1069 500 1076 522 :

230 543 322 577 Haec
341 555 406 588 ego
425 546 528 577 vasta
547 543 652 586 dabo,
675 545 712 576 et
731 542 806 575 lato
824 545 862 575 te
880 541 995 575 limite
1014 540 1155 574 ducam.
1165 540 1184 556 '’

231 596 289 630 Sic
307 598 495 639 memorat,
517 606 714 640 vocemque
733 595 865 639 premit
886 607 892 629 :
921 594 1030 627 simul
1049 605 1131 627 ense
1151 592 1348 637 superbum

229 649 473 682 Rhamnetem
491 648 710 692 aggreditur,
734 648 809 692 qui,
831 648 926 681 forte
944 647 1131 690 tapetibus
1150 646 1236 680 altis

231 701 466 744 Exstructus,
487 703 568 734 toto
586 701 765 744 proflabat
784 701 928 744 pectore
949 710 1119 733 somnum
1134 711 1144 741 ;

230 754 312 788 Rex
328 754 436 797 idem,
456 756 493 787 et
511 754 588 797 regi
607 753 729 786 Tru-no
748 753 842 797 grati
861 752 973 785 simus
991 763 1107 796 augur
1123 763 1130 786 :

230 806 301 841 Sed
320 817 394 840 non
413 807 564 850 augurio
582 806 703 850 potuit
722 805 901 849 depellere
919 807 1067 848 pestem.

230 859 317 893 Tres
331 859 441 903 juxta
458 859 614 892 famulos
631 861 768 892 temere
787 858 884 891 inter
902 857 978 890 tela
992 857 1169 901 jacentes,

234 912 538 956 Armigerumque
557 911 666 944 Remi
685 911 829 955 premit,
851 910 1085 954 aurigamque
1105 910 1172 943 sub
1190 909 1278 954 ipsis

229 965 371 1000 Nactus
391 965 504 1008 equis,
526 965 695 1008 ferroque
714 967 811 997 secat
829 963 1028 1008 pendentia
1047 963 1138 996 colla
1158 976 1166 1004 3

229 1017 323 1051 Tum
341 1020 450 1061 caput
467 1017 537 1060 ipsi
554 1017 674 1050 aufert
693 1017 852 1059 domino,
874 1018 1119 1060 truncumque
1138 1015 1312 1059 relinquit

231 1071 414 1114 Sanguine
433 1070 691 1114 singultantem
715 1083 721 1104 ;
750 1073 830 1103 atro
848 1069 1029 1113 tepefacta
1049 1080 1174 1102 cruore

231 1124 341 1157 Terra
358 1124 503 1167 torique
522 1123 681 1156 madent.
730 1122 885 1156 Necnon
905 1122 1176 1166 Lamyrumque
1196 1121 1437 1164 Lamumque,

230 1176 280 1210 Et
293 1177 466 1220 juvenem
486 1175 694 1219 Sarranum,
714 1175 780 1209 ina
798 1175 863 1219 qui
880 1175 1035 1218 plurima
1053 1177 1160 1208 nocte
1400 1172 1441 1192 ²²³²

231 1229 396 1272 Luserat,
418 1229 569 1273 insignis
588 1229 691 1272 facie,
712 1229 902 1271 multoque
916 1227 1061 1271 jacebat

233 1282 401 1316 Membra
419 1282 498 1315 Deo
518 1282 637 1315 victus
657 1294 663 1316 :
692 1281 792 1324 felix,
815 1281 845 1314 si
864 1281 1030 1324 protinus
1048 1280 1155 1313 illum

233 1335 434 1380 AEquasset
453 1335 553 1369 nocti
570 1334 710 1377 ludum,
734 1335 773 1367 in
791 1334 982 1377 lucemque
1003 1332 1156 1368 tulisset.

234 1388 419 1433 Impastus
438 1399 503 1422 ceu
521 1388 630 1432 plena
648 1387 705 1421 leo
723 1398 786 1431 per
805 1386 914 1420 ovilia
932 1386 1085 1419 turbans

235 1442 386 1486 (Suadet
404 1441 502 1475 enim
520 1452 653 1474 vesana
671 1440 799 1485 fames)
819 1439 1034 1483 manditque
1053 1438 1240 1482 trahitque

233 1495 348 1529 Molle
366 1506 475 1539 pecus
493 1496 710 1537 mutumque
729 1495 842 1536 metu,
856 1492 980 1526 fremit
999 1503 1059 1525 ore
1079 1494 1230 1525 cruento
1251 1503 1257 1525 :

234 1548 272 1582 N
274 1559 314 1582 ec
332 1548 450 1581 minor
469 1546 619 1590 Euryali
638 1545 754 1580 caedes
773 1558 782 1587 ;
810 1545 979 1579 incensus
998 1547 1035 1578 et
1054 1544 1130 1588 ipse

234 1600 398 1635 Perfurit
417 1614 426 1642 ;
455 1611 496 1634 ac
514 1600 670 1633 multam
688 1599 728 1633 in
746 1597 865 1632 medio
885 1598 962 1631 sine
981 1597 1130 1631 nomine
1150 1597 1306 1641 plebem,

233 1653 463 1698 Fadumque,
485 1653 763 1696 Herbesumque
782 1651 893 1694 subit,
915 1650 1178 1694 Rhoetumque,
1202 1649 1440 1694 Abarimque,

234 1707 384 1751 Ignaros
403 1719 411 1748 ;
440 1706 619 1739 Rhoetum
639 1705 849 1749 vigilantem
868 1706 906 1738 et
925 1706 1056 1737 cuncta
1075 1703 1263 1737 videntem
1283 1716 1293 1745 3
1401 1700 1442 1720 ”⁴³

235 1759 305 1793 Sed
326 1771 500 1803 magnum
519 1761 687 1792 metuens
706 1769 743 1791 se
762 1760 844 1801 post
864 1759 1003 1790 cratera
1021 1756 1167 1799 tegebat
1183 1769 1193 1798 ;

233 1812 386 1846 Pectore
405 1812 445 1845 in
463 1811 614 1845 adverso
635 1813 757 1844 totum
776 1810 835 1844 6111
854 1809 1018 1843 cominus
1037 1820 1160 1842 ensem

234 1864 406 1898 Condidit
425 1864 639 1907 assurgenti,
662 1866 699 1897 et
717 1863 836 1896 multa
853 1865 969 1895 morte
988 1861 1132 1905 recepit.

232 1917 459 1961 Purpuream
477 1917 593 1950 vomit
610 1916 670 1950 ille
690 1916 861 1958 animam,
883 1917 920 1948 et
940 1926 1023 1948 cum
1041 1914 1216 1958 sanguine
1235 1914 1352 1948 mixta

233 1970 331 2004 Vina
348 1971 460 2004 refert
478 1969 635 2003 moriens
653 1982 659 2003 :
687 1968 747 2002 hic
764 1969 863 2002 furto
882 1967 1045 2001 fervidus
1064 1967 1188 2001 instat.
1401 1965 1442 1986 ³⁵⁰

231 2023 391 2067 Jamque
411 2023 457 2056 ad
477 2022 637 2066 Messapi
657 2021 770 2055 socios
788 2020 976 2063 tendebat,
999 2020 1063 2053 ubi
1081 2019 1202 2063 ignem

230 2076 393 2110 Deficere
411 2078 628 2118 extremum,
651 2077 688 2108 et
706 2074 874 2118 religatos
888 2073 957 2106 rite
978 2072 1125 2106 videbat

232 2128 386 2173 Carpere
404 2140 554 2173 gramen
574 2139 686 2172 equos
703 2140 710 2162 :
739 2126 899 2160 breviter
918 2137 1032 2170 quum
1051 2125 1140 2159 talia
1160 2125 1286 2170 Nisus,

231 2181 368 2226 (Sensit
387 2182 484 2215 enim
503 2181 617 2214 nimia
637 2180 735 2214 caede
754 2182 866 2223 atque
885 2178 1056 2223 cupidine
1075 2178 1175 2223 ferri)
1195 2191 1201 2213 :

233 2235 259 2252 “
272 2234 539 2278 Absistamus,''
561 2234 624 2277 ait,
651 2235 774 2267 “nam
793 2232 859 2266 lux
878 2231 1025 2265 inimica
1043 2231 1264 2275 propinquat
1282 2244 1291 2266 ι

230 2287 430 2322 Poenarum
449 2288 670 2321 exhaustum
691 2286 779 2320 satis
798 2287 854 2318 est
872 2296 878 2319 :
910 2284 967 2318 via
986 2284 1083 2318 facta
1100 2295 1164 2327 per
1183 2284 1315 2319 hostes.
1323 2283 1343 2301 ''

231 2339 355 2382 Multa
372 2339 492 2375 virum
509 2339 626 2374 solido
645 2340 796 2383 argento
815 2337 975 2382 perfecta
993 2337 1209 2381 relinquunt

1394 378 1437 399 320

1395 642 1436 662 ³25

1397 907 1440 928 330

1400 1435 1442 1456 3⁴0

1400 2228 1442 2250 35⁵
