1559 2584
616 131 802 159 VIRGILII
832 129 988 158 AENEIS.

249 219 485 263 Consurgunt
503 219 607 253 venti
627 233 635 261 ;
663 222 774 264 atque
793 220 832 254 in
851 219 987 253 nubem
1006 219 1148 264 cogitur
1166 223 1228 253 aer
1246 230 1255 255 τ

248 272 286 306 N
288 284 328 306 ec
346 284 416 305 nos
435 272 554 306 obniti
575 275 714 316 contra,
737 284 804 306 nec
822 272 972 306 tendere
991 274 1140 306 tantum

249 325 453 359 Sufficimus
472 337 478 359 :
508 329 655 370 superat
675 326 849 370 quoniam
867 326 1043 368 Fortuna,
1066 337 1261 370 sequamur
1277 337 1286 367 3

249 378 402 422 Quoque
421 381 540 422 vocat,
562 382 750 413 vertamus
768 379 847 413 iter.
911 378 948 412 N
950 390 989 412 66
1007 379 1134 412 littora
1152 379 1258 422 longe

247 431 341 465 Fida
359 443 439 465 reor
457 432 619 466 fraterna
638 432 777 476 Erycis,
799 435 1000 476 portusque
1019 432 1166 466 Sicanos
1187 445 1195 474 3

252 484 286 517 Si
305 484 415 518 modo
433 484 503 518 rite
523 497 661 519 memor
680 488 823 519 servata
841 485 1012 518 remetior
1031 485 1164 518 astra.''

249 538 342 570 Tum
361 537 443 581 pius
463 538 621 573 AEneas:
646 539 866 583 “Equidem
886 538 936 572 sic
956 549 1102 582 poscere
1121 540 1251 571 vcn{os

249 590 494 633 Jamdudmn,
517 594 555 624 et
573 591 710 626 frustra
730 603 837 625 cerno
856 594 893 625 te
912 591 1063 625 tendere
1083 593 1209 625 contra
1226 603 1234 625 :

250 644 374 677 Flecte
393 643 492 677 viam
512 644 610 679 velis.
671 645 733 679 An
752 645 799 678 sit
818 644 910 678 mihi
929 644 1065 688 gratior
1083 644 1170 687 ulla,

250 697 377 738 Quove
395 697 509 742 magis
528 698 640 731 fessas
659 701 782 742 optem
801 698 986 732 dimittere
1006 709 1129 740 naves,

250 750 368 791 Quam
388 762 469 794 quae
489 751 717 785 Dardanium
736 752 845 785 tellus
864 751 955 784 mihi
973 753 1093 784 servat
1112 750 1283 794 Acesten,

249 803 299 837 Et
317 803 431 847 patris
453 804 620 838 Anchisae
638 805 774 849 gremio
794 804 1047 848 complectitur
1066 815 1146 837 ossa
1159 803 1171 837 ’Ζ
1183 803 1204 820 ’'

250 856 341 890 Haec
360 857 425 890 ubi
443 857 553 901 dicta,
576 860 708 901 petunt
726 860 864 902 portus,
888 860 925 891 et
943 858 1024 891 vela
1043 856 1193 890 secundi

251 909 459 943 Intendunt
478 910 636 955 Zephyri
656 924 663 946 :
693 911 811 945 fertur
830 911 901 945 cita
920 911 1062 954 gurgite
1083 909 1204 944 classis
1224 921 1232 944 τ

249 962 299 996 Et
317 963 468 996 tandem
487 963 563 997 laeti
582 966 680 998 notae
699 964 943 998 advertuntur
962 975 1090 997 arenae.

303 1016 356 1050 At
374 1016 501 1060 procul
519 1016 660 1051 excelso
678 1022 832 1051 miratus
850 1017 984 1051 vertice
1003 1016 1140 1050 montis

251 1068 479 1112 Adventum,
501 1070 686 1114 sociasque
705 1072 812 1113 rates,
835 1070 993 1104 occurrit
1015 1069 1174 1112 Acestes,

251 1121 450 1165 Horridus,
472 1122 509 1155 in
526 1123 659 1167 jaculis
679 1126 716 1157 et
734 1123 828 1167 pelle
848 1123 1050 1166 Libystidis
1069 1133 1163 1156 ursae
1183 1134 1191 1163 ;

252 1175 358 1208 Troia
378 1175 530 1209 Crimiso
550 1178 766 1220 conceptum
785 1176 935 1210 flumine
954 1179 1072 1210 mater

253 1227 370 1268 Quem
388 1229 525 1272 genuit.
587 1229 767 1263 Veterum
786 1241 861 1263 non
880 1229 1072 1263 immemor
1089 1228 1151 1262 ille
1169 1230 1379 1273 parentum,

252 1281 430 1315 Gratatur
448 1282 610 1326 reduces,
634 1285 671 1316 et
689 1284 779 1327 gaza
796 1283 904 1316 laetus
918 1282 1052 1326 agresti

252 1333 412 1378 Excipit,
434 1346 475 1369 ac
494 1336 606 1370 fessos
625 1336 754 1380 opibus
773 1336 912 1370 solatur
930 1335 1038 1370 amici
1046 1347 1065 1370 4.

304 1387 459 1422 Postera
478 1401 594 1433 quum
612 1389 729 1433 primo
749 1389 872 1423 stellas
892 1389 1030 1423 oriente
1049 1389 1195 1433 fugerat

252 1439 358 1475 Clara
376 1441 466 1485 dies,
488 1443 602 1476 socios
620 1443 660 1476 111
679 1445 816 1477 coetum
834 1442 958 1476 littore
978 1442 1024 1476 ab
1043 1441 1144 1476 omni

250 1493 419 1528 Advocat
439 1495 590 1539 AEneas,
611 1496 820 1540 tumulique
839 1507 885 1530 ex
904 1507 1032 1540 aggere
1051 1495 1152 1528 fatur
1169 1506 1176 1529 :

254 1548 280 1565 “
295 1547 517 1581 Dardanidae
536 1549 670 1593 magni,
692 1561 806 1593 genus
826 1549 901 1582 alto
920 1560 941 1582 a
960 1548 1137 1592 sanguine
1156 1547 1306 1589 Divum,

250 1600 410 1635 Annuus
429 1602 567 1635 exactis
587 1603 790 1646 completur
807 1602 994 1644 mensibus
1013 1601 1122 1645 orbis,

250 1653 308 1687 Ex
328 1665 401 1698 quo
420 1654 592 1699 reliquias
611 1655 801 1700 divinique
820 1667 901 1689 ossa
919 1655 1080 1698 parentis

251 1706 491 1741 Condidimus
510 1710 618 1752 terra,
640 1711 861 1752 moestasque
882 1708 1101 1742 sacravimus
1120 1718 1208 1741 aras.

250 1759 412 1804 Jamque
432 1761 521 1805 dies,
543 1761 583 1795 ni
602 1762 720 1805 fallor,
743 1761 859 1804 adest,
882 1773 992 1805 quem
1011 1772 1153 1805 semper
1172 1759 1354 1803 acerbum,

251 1813 400 1857 Semper
417 1814 637 1848 honoratum
658 1814 723 1860 (sic
741 1814 790 1848 Di
809 1814 991 1860 voluistis)
1011 1813 1162 1848 habebo.

251 1866 364 1900 Hunc
384 1878 449 1911 ego
470 1867 625 1902 Gaetulis
645 1880 789 1912 agerem
809 1867 839 1901 si
858 1868 1019 1912 syrtibus
1039 1866 1156 1909 exsul,

251 1919 466 1964 Argolicove
485 1921 577 1955 mari
596 1921 807 1965 deprensus,
831 1924 868 1954 et
885 1921 976 1954 urbe
997 1921 1164 1965 Mycenae
1183 1932 1191 1960 ;

251 1972 387 2007 Annua
406 1976 493 2007 vota
511 1977 649 2018 tamen,
672 1975 922 2019 solemnesque
942 1974 1068 2007 ordine
1086 1983 1237 2017 pompas

252 2025 480 2071 Exsequerer
499 2041 507 2069 ;
536 2030 787 2072 strueremque
807 2028 881 2061 suis
900 2027 1029 2062 altaria
1048 2026 1163 2060 donis.

249 2079 362 2113 Nunc
382 2080 479 2114 ultro
499 2081 545 2114 ad
565 2081 702 2115 cineres
721 2081 834 2125 ipsius
854 2083 891 2115 et
909 2092 989 2114 ossa
1007 2079 1180 2125 parentis,

250 2132 364 2166 Haud
384 2133 554 2177 equidem
574 2134 651 2168 sine
671 2137 806 2176 mente,
829 2146 922 2177 reor,
945 2133 1022 2168 sine
1040 2132 1191 2167 numine
1210 2131 1364 2174 Divum,
1392 2131 1394 2134 '

249 2185 438 2220 Adsumus
459 2200 466 2228 3
496 2189 533 2221 et
551 2190 679 2231 portus
698 2187 811 2221 delati
829 2187 1010 2221 intramus
1029 2186 1172 2220 amicos.

249 2238 345 2282 Ergo
364 2240 473 2283 agite,
497 2243 534 2274 et
553 2241 681 2275 laetum
700 2241 823 2274 cuncti
843 2241 1066 2274 celebremus
1085 2239 1258 2272 honorem
1278 2250 1286 2279 ;

250 2291 447 2326 Poscamus
467 2296 596 2327 ventos
617 2307 625 2336 ;
655 2296 766 2338 atque
786 2294 864 2327 haec
883 2305 940 2327 me
961 2305 1060 2327 sacra
1081 2290 1278 2337 quotannis

254 2344 349 2378 Urbe
368 2346 458 2379 velit
478 2347 598 2390 l‘osita
618 2347 763 2391 templis
783 2347 852 2380 sibi
872 2347 964 2380 serre
984 2346 1122 2380 dicatis.

253 2397 344 2432 L'ina
363 2399 473 2433 boum
494 2400 597 2434 vobis
617 2400 726 2444 Troja
746 2402 939 2440 generatus
960 2400 1111 2434 Acestes

1435 217 1465 237 20

1434 481 1464 502 2⁵

1433 746 1464 767 30

1435 1012 1465 1033 35

1435 1279 1465 1298 ‹11›

1437 1544 1465 1564 45

1437 1809 1466 1829 50

1439 2344 1467 2364 fio
