1559 2584
110 106 161 142 9ss

585 115 767 143 VIRGILII
798 114 952 143 AENEIS.

216 199 253 234 Si
273 210 423 243 mercor,
445 199 620 241 (101111113ος
648 202 786 244 tuaique
806 199 865 233 hic
885 200 996 233 obrue
1015 198 1185 233 dextra.”

215 252 292 287 Vix
311 253 388 286 haec
407 252 581 295 ediderat,
607 264 722 296 quum
742 253 865 286 effusis
884 252 1063 285 imbribus
1082 256 1120 286 at
1140 265 1161 286 a

216 306 425 350 Tempestas
444 305 521 338 sine
539 317 639 339 more
657 305 769 347 furit3
796 306 1013 349 tonitruque
1033 306 1248 339 tremiscunt

215 359 344 392 Ardua
362 361 553 402 terrarum,
576 361 613 392 et
633 357 750 402 campi
769 372 778 400 3
805 358 881 392 ruit
899 359 1034 392 aethere
1052 361 1132 392 toto

216 410 400 445 Turbidus
418 411 535 444 imber
552 413 661 455 aqua,
683 411 875 455 densisque
895 411 1112 455 nigerrimus
1130 411 1275 444 Austris
1295 424 1303 453 3

216 465 496 508 Implenturque
516 476 557 497 su
561 476 624 508 per
641 476 780 508 puppes
801 477 808 506 3
837 464 1011 498 semiusta
1028 465 1242 498 malescunt

217 517 364 551 Robora
384 530 390 552 :
418 517 614 551 restinctus
634 518 748 551 (101100
767 529 879 561 vapor
897 518 1014 551 omnis
1031 530 1039 558 3
1068 520 1105 551 et
1124 529 1261 560 omnes,

218 570 385 611 Quatuor
403 570 552 613 amissis,
577 573 730 605 servatae
749 582 771 604 a
788 573 890 614 peste
910 571 1050 604 carinae.

1387 355 1431 376 6395

269 624 322 657 At
341 626 444 668 pater
463 623 613 667 AEneas,
635 635 720 657 casu
740 635 933 657 concussus
952 623 1092 667 acerbo,
1364 617 1433 644 ⁸⁷⁰³

216 676 255 710 N
258 689 329 710 11110
346 677 419 710 11110
436 677 615 721 ingentes,
636 688 735 710 1111110
752 677 850 720 111110,
872 679 1016 721 pectore
1035 688 1138 710 curas
1351 670 1365 685 ’

217 729 391 764 Mutabat
411 743 419 772 3
447 742 606 773 versans,
630 730 806 764 Siculisne
824 730 998 764 resideret
1017 730 1112 763 arvis

218 783 365 817 Oblitus
383 784 556 827 fatorum,
579 784 739 817 Italasne
759 786 958 827 capesseret
977 795 1066 817 oras

218 837 312 870 Tum
331 836 450 870 senior
469 836 622 879 Nautes,
647 848 764 870 unum
782 837 946 870 Tritonia
964 836 1086 870 Pallas

1388 887 1431 909 71¹5

218 889 336 930 Quem
356 890 402 923 (10
411 889 463 923 ,ui
471 894 492 932 ’3,
515 890 706 934 mult-aque
725 889 904 934 insignem
923 889 1084 923 reddidit
1104 892 1194 933 arte,

217 942 310 976 Haec
328 954 500 987 responsa
519 943 629 977 dabat
649 956 658 984 3
686 943 745 977 vel
764 955 846 987 quae
865 943 1100 987 portenderet
1118 943 1172 976 ira

218 995 355 1039 Magna
374 996 507 1039 Deum,
529 996 588 1029 vel
607 1008 689 1040 quae
708 997 867 1030 fatorum
886 999 1049 1040 posceret
1068 996 1165 1030 ordo.

219 1048 342 1092 Isque,
365 1049 422 1082 his
442 1049 588 1083 AEnean
609 1049 746 1082 solatus
764 1049 926 1092 vocibus,
948 1049 1031 1082 infit
1049 1062 1055 1084 :

221 1103 247 1120 ‘⁶
263 1101 302 1135 N
304 1104 363 1135 ate
382 1102 472 1146 Dea,
496 1113 568 1146 quo
588 1102 665 1135 fata
683 1102 836 1136 trahunt
854 1102 1132 1145 retrahuntque,
1155 1113 1350 1146 sequamur
1370 1115 1376 1137 :

218 1154 402 1198 Quicquid
421 1156 502 1198 erit,
525 1155 729 1199 superanda,
747 1155 864 1189 omnis
882 1155 1032 1189 fortuna
1050 1155 1200 1190 ferendo
1220 1158 1284 1189 est.

216 1208 284 1241 Est
302 1208 372 1242 tibi
390 1208 599 1242 Dardanius
617 1208 752 1242 divinae
770 1208 892 1252 stirpis
911 1209 1060 1242 Acestes
1077 1221 1084 1243 :

217 1261 331 1295 Hunc
350 1273 436 1306 cape
455 1261 613 1296 consiliis
631 1261 780 1306 socium,
802 1265 839 1295 et
858 1261 1040 1306 conjunge
1058 1261 1243 1296 volentem
1262 1275 1271 1304 3

217 1313 318 1348 Huic
336 1315 453 1359 trade,
475 1315 615 1349 amissis
634 1318 807 1359 superant
826 1315 889 1359 qui
908 1315 1075 1359 navibus,
1097 1318 1135 1349 et
1153 1326 1245 1359 quos

216 1367 423 1402 Pertaesum
443 1369 566 1413 magni
585 1368 722 1412 incepti
740 1380 934 1412 rerumque
953 1371 1102 1402 tuarum
1121 1371 1187 1412 est,

216 1420 490 1466 Longaevosque
509 1434 622 1465 senes,
646 1434 687 1456 ac
705 1422 816 1456 fessas
834 1433 978 1466 {equore
998 1424 1132 1455 matres
1150 1435 1159 1463 3
1393 1419 1432 1443 ⁷¹⁵

216 1473 266 1508 Et
286 1475 461 1519 quicquid
480 1477 601 1509 tecum
615 1475 831 1518 invalidum,
852 1477 1093 1519 metuensque
1111 1475 1236 1520 pericli
1255 1478 1322 1519 est,

216 1527 344 1571 Delige
364 1541 373 1570 3
401 1531 438 1562 et
457 1528 514 1562 his
532 1528 691 1562 habeant
709 1529 826 1571 ten-is,
849 1528 937 1571 sine,
959 1529 1094 1562 moenia
1112 1529 1206 1563 fessi.

217 1579 355 1614 Urbem
374 1582 611 1625 appellabunt
630 1582 802 1625 permisso
821 1581 968 1615 nomine
986 1581 1189 1617 Acestam.”

271 1634 418 1668 Talibus
436 1635 605 1669 incensus
623 1635 730 1669 dictis
749 1634 899 1668 senioris
917 1634 1032 1669 amici.

217 1687 311 1720 Tum
329 1699 415 1721 vero
434 1687 473 1721 in
493 1700 595 1722 curas
614 1689 757 1738 animus
776 1687 972 1722 deducitur
990 1699 1114 1722 omnes
1133 1700 1142 1723 ε
1392 1685 1435 1709 ⁷³⁰

215 1739 265 1773 Et
284 1739 371 1774 Nox
391 1744 471 1775 atra
489 1741 615 1785 polum
634 1741 728 1785 bigis
747 1741 920 1775 subvecta
938 1741 1098 1776 tenebat.

216 1792 307 1827 Visa
326 1793 457 1828 dehinc
477 1795 568 1828 coelo
588 1795 696 1828 facies
716 1794 862 1838 delapsa
881 1794 1043 1839 parentis

216 1846 386 1880 Anchisae
407 1847 528 1881 subito
547 1848 638 1881 tales
657 1848 843 1881 effundere
863 1859 968 1882 voces
988 1860 995 1882 :

219 1901 245 1917 ‘⁶
259 1899 370 1943 Nate,
393 1901 483 1934 mihi
503 1901 581 1935 vita
600 1902 796 1946 quondam,
819 1901 909 1935 dum
927 1901 1006 1935 vita
1031 1901 1212 1946 manebat,

216 1952 305 1986 Care
324 1965 361 1986 m
375 1954 438 1997 ·gis
455 1967 463 1995 3
492 1957 591 1998 nate,
614 1954 734 1988 iliacis
753 1954 911 1988 exercite
929 1954 1014 1988 fatis
1031 1967 1040 1996 ;
1391 1953 1434 1977 ⁷³⁵

216 2005 373 2049 Imperio
392 2007 419 2040 J
421 2007 498 2041 ovis
516 2008 588 2042 huc
607 2008 727 2052 venio,
749 2007 813 2052 qui
833 2007 1005 2042 classibus
1023 2007 1146 2052 ignem

214 2058 380 2103 Depuim
403 2064 439 2094 et
460 2061 550 2094 coelo
568 2061 718 2095 tandem
737 2061 928 2094 miseratus
947 2060 993 2094 ab
1011 2061 1086 2095 alto
1105 2063 1170 2095 est.

215 2111 384 2146 Consiliis
402 2125 500 2157 pare,
523 2126 606 2158 quae
624 2126 724 2148 nunc
741 2114 984 2158 pulcherrima
1003 2113 1145 2147 Nautes

214 2163 289 2198 Dat
308 2166 428 2200 senior
447 2179 453 2201 :
483 2167 596 2201 lectos
610 2168 778 2212 juvenes,
799 2167 996 2201 fortissima
1015 2167 1133 2210 corda,

214 2217 326 2251 Defcr
344 2219 382 2252 in
403 2219 549 2254 Italiam
567 2234 573 2255 :
602 2232 690 2264 gens
709 2221 812 2263 dura,
834 2223 946 2264 atque
965 2232 1089 2264 aspera
1108 2220 1223 2264 cultu,
1388 2217 1432 2241 ⁷⁸⁰

215 2269 443 2306 Dvbellanda
461 2273 529 2306 tibi
549 2274 654 2307 Latio
674 2276 741 2308 est.
800 2273 898 2307 Ditis
916 2276 1039 2307 tamen
1059 2276 1143 2307 ante

217 2323 384 2358 Infernas
403 2327 532 2359 accede
552 2327 691 2370 domos,
713 2330 749 2361 et
772 2327 916 2361 Averna
934 2338 998 2370 per
1017 2326 1091 2360 alta

216 2376 437 2421 Congressus
455 2381 550 2424 pete,
573 2382 670 2424 nate,
693 2391 791 2414 111008
809 2392 815 2415 ;
845 2391 918 2414 non
938 2391 996 2414 mc
1015 2379 1127 2424 impia
1146 2391 1303 2425 namque
