<?xml version="1.0" encoding="UTF-8"?>
<!DOCTYPE html PUBLIC "-//W3C//DTD XHTML 1.0 Transitional//EN"
    "http://www.w3.org/TR/xhtml1/DTD/xhtml1-transitional.dtd">
<html xmlns="http://www.w3.org/1999/xhtml" xml:lang="en" lang="en">
 <head>
  <title>
</title>
<meta http-equiv="Content-Type" content="text/html;charset=utf-8" />
  <meta name='ocr-system' content='tesseract 3.04.00' />
  <meta name='ocr-capabilities' content='ocr_page ocr_carea ocr_par ocr_line ocrx_word'/>
</head>
<body>
  <div class='ocr_page' id='page_1' title='image "./operavir00virguoft_0409.png"; bbox 0 0 1528 2569; ppageno 0'>
   <div class='ocr_carea' id='block_1_1' title="bbox 606 88 1381 127">
    <p class='ocr_par' dir='ltr' id='par_1_1' title="bbox 606 88 1381 127">
     <span class='ocr_line' id='line_1_1' title="bbox 606 88 1381 127; baseline -0.001 0"><span class='ocrx_word' id='word_1_1' title='bbox 606 100 740 127; x_wconf 77' lang='lat' dir='ltr'>LmER</span> <span class='ocrx_word' id='word_1_2' title='bbox 770 99 830 126; x_wconf 78' lang='lat' dir='ltr'>XI.</span> <span class='ocrx_word' id='word_1_3' title='bbox 1301 88 1381 126; x_wconf 79' lang='lat'>211</span> 
     </span>
    </p>
   </div>
   <div class='ocr_carea' id='block_1_2' title="bbox 119 187 1408 2385">
    <p class='ocr_par' dir='ltr' id='par_1_2' title="bbox 119 187 996 231">
     <span class='ocr_line' id='line_1_2' title="bbox 119 187 996 231; baseline -0.003 -8"><span class='ocrx_word' id='word_1_4' title='bbox 119 188 276 224; x_wconf 83' lang='lat' dir='ltr'>Adversi</span> <span class='ocrx_word' id='word_1_5' title='bbox 293 188 404 231; x_wconf 71' lang='lat' dir='ltr'>longa,</span> <span class='ocrx_word' id='word_1_6' title='bbox 421 187 691 221; x_wconf 71' lang='lat' dir='ltr'>transverberat</span> <span class='ocrx_word' id='word_1_7' title='bbox 710 187 828 221; x_wconf 85' lang='lat' dir='ltr'>abiete</span> <span class='ocrx_word' id='word_1_8' title='bbox 846 189 972 230; x_wconf 84' lang='lat' dir='ltr'>pectus</span> <span class='ocrx_word' id='word_1_9' title='bbox 989 197 996 220; x_wconf 90' lang='lat'><strong>:</strong></span> 
     </span>
    </p>

    <p class='ocr_par' dir='ltr' id='par_1_3' title="bbox 119 240 1146 286">
     <span class='ocr_line' id='line_1_3' title="bbox 119 240 1146 286; baseline -0.004 -11"><span class='ocrx_word' id='word_1_10' title='bbox 119 242 315 286; x_wconf 48' lang='lat' dir='ltr'>Sanguinis</span> <span class='ocrx_word' id='word_1_11' title='bbox 333 241 394 273; x_wconf 90' lang='lat' dir='ltr'>ille</span> <span class='ocrx_word' id='word_1_12' title='bbox 413 252 562 273; x_wconf 81' lang='lat' dir='ltr'>vomens</span> <span class='ocrx_word' id='word_1_13' title='bbox 581 240 678 273; x_wconf 80' lang='lat' dir='ltr'>rivos</span> <span class='ocrx_word' id='word_1_14' title='bbox 697 240 806 282; x_wconf 86' lang='lat' dir='ltr'>cadit,</span> <span class='ocrx_word' id='word_1_15' title='bbox 828 242 938 282; x_wconf 88' lang='lat' dir='ltr'>atque</span> <span class='ocrx_word' id='word_1_16' title='bbox 958 240 1146 272; x_wconf 83' lang='lat' dir='ltr'>cruentam</span> 
     </span>
    </p>

    <p class='ocr_par' dir='ltr' id='par_1_4' title="bbox 119 291 1220 336">
     <span class='ocr_line' id='line_1_4' title="bbox 119 291 1220 336; baseline -0.004 -8"><span class='ocrx_word' id='word_1_17' title='bbox 119 294 268 328; x_wconf 85' lang='lat' dir='ltr'>Mandit</span> <span class='ocrx_word' id='word_1_18' title='bbox 285 293 454 334; x_wconf 86' lang='lat' dir='ltr'>humum,</span> <span class='ocrx_word' id='word_1_19' title='bbox 476 293 704 336; x_wconf 89' lang='lat' dir='ltr'>moriensque</span> <span class='ocrx_word' id='word_1_20' title='bbox 723 303 789 325; x_wconf 89' lang='lat' dir='ltr'>suo</span> <span class='ocrx_word' id='word_1_21' title='bbox 808 303 845 325; x_wconf 86' lang='lat' dir='ltr'>se</span> <span class='ocrx_word' id='word_1_22' title='bbox 863 291 902 324; x_wconf 93' lang='lat' dir='ltr'>in</span> <span class='ocrx_word' id='word_1_23' title='bbox 924 291 1071 324; x_wconf 77' lang='lat' dir='ltr'>vulnere</span> <span class='ocrx_word' id='word_1_24' title='bbox 1091 292 1220 324; x_wconf 81' lang='lat' dir='ltr'>versat.</span> 
     </span>
    </p>

    <p class='ocr_par' dir='ltr' id='par_1_5' title="bbox 119 339 1387 441">
     <span class='ocr_line' id='line_1_5' title="bbox 119 339 1387 388; baseline -0.004 -8"><span class='ocrx_word' id='word_1_25' title='bbox 119 347 214 380; x_wconf 85' lang='lat' dir='ltr'>Tum</span> <span class='ocrx_word' id='word_1_26' title='bbox 232 345 346 388; x_wconf 85' lang='lat' dir='ltr'>Lirin,</span> <span class='ocrx_word' id='word_1_27' title='bbox 369 344 622 388; x_wconf 82' lang='lat' dir='ltr'>Pagasumque</span> <span class='ocrx_word' id='word_1_28' title='bbox 642 356 750 388; x_wconf 88' lang='lat' dir='ltr'>super</span> <span class='ocrx_word' id='word_1_29' title='bbox 768 358 775 385; x_wconf 90' lang='lat'>;</span> <span class='ocrx_word' id='word_1_30' title='bbox 804 355 959 388; x_wconf 89' lang='lat' dir='ltr'>quorum</span> <span class='ocrx_word' id='word_1_31' title='bbox 978 343 1082 386; x_wconf 89' lang='lat' dir='ltr'>alter,</span> <span class='ocrx_word' id='word_1_32' title='bbox 1103 343 1265 376; x_wconf 82' lang='lat' dir='ltr'>habenas</span> <span class='ocrx_word' id='word_1_33' title='bbox 1344 339 1387 362; x_wconf 77' lang='lat'>⁶⁷⁰</span> 
     </span>
     <span class='ocr_line' id='line_1_6' title="bbox 122 396 1003 441; baseline -0.005 -8"><span class='ocrx_word' id='word_1_34' title='bbox 122 399 280 433; x_wconf 83' lang='lat' dir='ltr'>Suffosso</span> <span class='ocrx_word' id='word_1_35' title='bbox 298 397 487 431; x_wconf 84' lang='lat' dir='ltr'>revolutus</span> <span class='ocrx_word' id='word_1_36' title='bbox 506 408 600 441; x_wconf 90' lang='lat' dir='ltr'>equo</span> <span class='ocrx_word' id='word_1_37' title='bbox 619 397 708 430; x_wconf 90' lang='lat' dir='ltr'>dum</span> <span class='ocrx_word' id='word_1_38' title='bbox 728 396 877 440; x_wconf 74' lang='lat' dir='ltr'>colligit,</span> <span class='ocrx_word' id='word_1_39' title='bbox 899 396 1003 438; x_wconf 86' lang='lat' dir='ltr'>alter,</span> 
     </span>
    </p>

    <p class='ocr_par' dir='ltr' id='par_1_6' title="bbox 120 449 1104 492">
     <span class='ocr_line' id='line_1_7' title="bbox 120 449 1104 492; baseline -0.004 -7"><span class='ocrx_word' id='word_1_40' title='bbox 120 452 222 486; x_wconf 89' lang='lat' dir='ltr'>Dum</span> <span class='ocrx_word' id='word_1_41' title='bbox 241 450 351 492; x_wconf 86' lang='lat' dir='ltr'>subit,</span> <span class='ocrx_word' id='word_1_42' title='bbox 373 461 414 483; x_wconf 87' lang='lat' dir='ltr'>ac</span> <span class='ocrx_word' id='word_1_43' title='bbox 433 449 600 483; x_wconf 76' lang='lat' dir='ltr'><strong>dextram</strong></span> <span class='ocrx_word' id='word_1_44' title='bbox 619 449 758 482; x_wconf 85' lang='lat' dir='ltr'>labenti</span> <span class='ocrx_word' id='word_1_45' title='bbox 776 449 898 482; x_wconf 85' lang='lat' dir='ltr'>tendit</span> <span class='ocrx_word' id='word_1_46' title='bbox 916 449 1104 491; x_wconf 89' lang='lat' dir='ltr'>inermem,</span> 
     </span>
    </p>

    <p class='ocr_par' dir='ltr' id='par_1_7' title="bbox 121 501 1390 704">
     <span class='ocr_line' id='line_1_8' title="bbox 121 501 1190 547; baseline -0.004 -10"><span class='ocrx_word' id='word_1_47' title='bbox 121 503 332 547; x_wconf 83' lang='lat' dir='ltr'>Praecipites</span> <span class='ocrx_word' id='word_1_48' title='bbox 350 502 557 546; x_wconf 73' lang='lat' dir='ltr'>pariterque</span> <span class='ocrx_word' id='word_1_49' title='bbox 576 504 700 535; x_wconf 88' lang='lat' dir='ltr'>ruunt.</span> <span class='ocrx_word' id='word_1_50' title='bbox 762 501 833 534; x_wconf 88' lang='lat' dir='ltr'>His</span> <span class='ocrx_word' id='word_1_51' title='bbox 852 501 956 534; x_wconf 85' lang='lat' dir='ltr'>addit</span> <span class='ocrx_word' id='word_1_52' title='bbox 977 501 1190 534; x_wconf 73' lang='lat' dir='ltr'><strong>Amastrum</strong></span> 
     </span>
     <span class='ocr_line' id='line_1_9' title="bbox 121 553 1176 600; baseline -0.003 -11"><span class='ocrx_word' id='word_1_53' title='bbox 121 555 361 600; x_wconf 73' lang='lat' dir='ltr'>Hippotaden</span> <span class='ocrx_word' id='word_1_54' title='bbox 379 567 386 595; x_wconf 93' lang='grc'>;</span> <span class='ocrx_word' id='word_1_55' title='bbox 416 555 652 598; x_wconf 80' lang='lat' dir='ltr'>sequiturque</span> <span class='ocrx_word' id='word_1_56' title='bbox 672 554 886 587; x_wconf 84' lang='lat' dir='ltr'>incumbens</span> <span class='ocrx_word' id='word_1_57' title='bbox 907 553 1049 586; x_wconf 87' lang='lat' dir='ltr'>eminus</span> <span class='ocrx_word' id='word_1_58' title='bbox 1069 553 1176 586; x_wconf 73' lang='lat' dir='ltr'>hasta,</span> 
     </span>
     <span class='ocr_line' id='line_1_10' title="bbox 122 601 1390 652; baseline -0.002 -10"><span class='ocrx_word' id='word_1_59' title='bbox 122 609 319 652; x_wconf 80' lang='lat' dir='ltr'>Tereaque,</span> <span class='ocrx_word' id='word_1_60' title='bbox 335 607 670 651; x_wconf 79' lang='lat' dir='ltr'>Harpalycumque,</span> <span class='ocrx_word' id='word_1_61' title='bbox 688 609 724 640; x_wconf 86' lang='lat' dir='ltr'>et</span> <span class='ocrx_word' id='word_1_62' title='bbox 740 606 1032 650; x_wconf 66' lang='lat' dir='ltr'>Demophoonta,</span> <span class='ocrx_word' id='word_1_63' title='bbox 1048 605 1327 648; x_wconf 84' lang='lat' dir='ltr'>Chromimque:</span> <span class='ocrx_word' id='word_1_64' title='bbox 1348 601 1390 625; x_wconf 71' lang='lat'>⁶⁷⁵</span> 
     </span>
     <span class='ocr_line' id='line_1_11' title="bbox 122 657 1058 704; baseline -0.003 -10"><span class='ocrx_word' id='word_1_65' title='bbox 122 661 293 704; x_wconf 86' lang='lat' dir='ltr'>Quotque</span> <span class='ocrx_word' id='word_1_66' title='bbox 312 660 441 693; x_wconf 83' lang='lat' dir='ltr'>emissa</span> <span class='ocrx_word' id='word_1_67' title='bbox 460 671 571 692; x_wconf 85' lang='lat' dir='ltr'>manu</span> <span class='ocrx_word' id='word_1_68' title='bbox 592 657 769 692; x_wconf 73' lang='lat' dir='ltr'>contorsit</span> <span class='ocrx_word' id='word_1_69' title='bbox 789 659 926 702; x_wconf 83' lang='lat' dir='ltr'>spicula</span> <span class='ocrx_word' id='word_1_70' title='bbox 947 659 1058 702; x_wconf 80' lang='lat' dir='ltr'>virgo,</span> 
     </span>
    </p>

    <p class='ocr_par' dir='ltr' id='par_1_8' title="bbox 121 710 1144 756">
     <span class='ocr_line' id='line_1_12' title="bbox 121 710 1144 756; baseline -0.003 -10"><span class='ocrx_word' id='word_1_71' title='bbox 121 713 191 746; x_wconf 88' lang='lat' dir='ltr'>Tot</span> <span class='ocrx_word' id='word_1_72' title='bbox 210 713 361 756; x_wconf 88' lang='lat' dir='ltr'>Phrygii</span> <span class='ocrx_word' id='word_1_73' title='bbox 380 712 537 745; x_wconf 73' lang='lat' dir='ltr'>cecidere</span> <span class='ocrx_word' id='word_1_74' title='bbox 557 712 635 746; x_wconf 76' lang='lat' dir='ltr'>viri.</span> <span class='ocrx_word' id='word_1_75' title='bbox 698 711 831 744; x_wconf 88' lang='lat' dir='ltr'>Procul</span> <span class='ocrx_word' id='word_1_76' title='bbox 852 711 1015 754; x_wconf 80' lang='lat' dir='ltr'>Ornytus</span> <span class='ocrx_word' id='word_1_77' title='bbox 1034 710 1144 744; x_wconf 83' lang='lat' dir='ltr'>armis</span> 
     </span>
    </p>

    <p class='ocr_par' dir='ltr' id='par_1_9' title="bbox 123 764 923 809">
     <span class='ocr_line' id='line_1_13' title="bbox 123 764 923 809; baseline -0.006 -9"><span class='ocrx_word' id='word_1_78' title='bbox 123 765 265 809; x_wconf 86' lang='lat' dir='ltr'>Ignotis</span> <span class='ocrx_word' id='word_1_79' title='bbox 284 768 321 798; x_wconf 89' lang='lat' dir='ltr'>et</span> <span class='ocrx_word' id='word_1_80' title='bbox 341 776 434 808; x_wconf 91' lang='lat' dir='ltr'>equo</span> <span class='ocrx_word' id='word_1_81' title='bbox 454 767 606 797; x_wconf 83' lang='lat' dir='ltr'>venator</span> <span class='ocrx_word' id='word_1_82' title='bbox 626 764 762 807; x_wconf 82' lang='lat' dir='ltr'>Iapyge</span> <span class='ocrx_word' id='word_1_83' title='bbox 781 764 898 796; x_wconf 86' lang='lat' dir='ltr'>fertur</span> <span class='ocrx_word' id='word_1_84' title='bbox 915 777 923 804; x_wconf 91' lang='lat'>;</span> 
     </span>
    </p>

    <p class='ocr_par' dir='ltr' id='par_1_10' title="bbox 123 816 932 861">
     <span class='ocr_line' id='line_1_14' title="bbox 123 816 932 861; baseline -0.004 -10"><span class='ocrx_word' id='word_1_85' title='bbox 123 818 191 852; x_wconf 86' lang='lat' dir='ltr'>Cui</span> <span class='ocrx_word' id='word_1_86' title='bbox 209 817 313 861; x_wconf 81' lang='lat' dir='ltr'>pellis</span> <span class='ocrx_word' id='word_1_87' title='bbox 331 817 424 850; x_wconf 81' lang='lat' dir='ltr'>latos</span> <span class='ocrx_word' id='word_1_88' title='bbox 443 816 614 850; x_wconf 84' lang='lat' dir='ltr'>humeros</span> <span class='ocrx_word' id='word_1_89' title='bbox 634 819 758 860; x_wconf 85' lang='lat' dir='ltr'>erepta</span> <span class='ocrx_word' id='word_1_90' title='bbox 772 816 932 859; x_wconf 78' lang='lat' dir='ltr'>juvenco</span> 
     </span>
    </p>

    <p class='ocr_par' dir='ltr' id='par_1_11' title="bbox 122 863 1395 965">
     <span class='ocr_line' id='line_1_15' title="bbox 123 863 1395 914; baseline -0.004 -10"><span class='ocrx_word' id='word_1_91' title='bbox 123 869 326 914; x_wconf 85' lang='lat' dir='ltr'>Pugnatori</span> <span class='ocrx_word' id='word_1_92' title='bbox 345 870 464 913; x_wconf 85' lang='lat' dir='ltr'>operit</span> <span class='ocrx_word' id='word_1_93' title='bbox 485 882 493 910; x_wconf 93' lang='lat'>;</span> <span class='ocrx_word' id='word_1_94' title='bbox 523 871 632 912; x_wconf 86' lang='lat' dir='ltr'>caput</span> <span class='ocrx_word' id='word_1_95' title='bbox 651 869 779 912; x_wconf 86' lang='lat' dir='ltr'>ingens</span> <span class='ocrx_word' id='word_1_96' title='bbox 800 868 871 901; x_wconf 89' lang='lat' dir='ltr'>oris</span> <span class='ocrx_word' id='word_1_97' title='bbox 889 868 1024 910; x_wconf 80' lang='lat' dir='ltr'>hiatus,</span> <span class='ocrx_word' id='word_1_98' title='bbox 1350 863 1395 884; x_wconf 75' lang='lat'>⁶⁸⁰</span> 
     </span>
     <span class='ocr_line' id='line_1_16' title="bbox 122 921 962 965; baseline -0.004 -9"><span class='ocrx_word' id='word_1_99' title='bbox 122 923 171 956; x_wconf 91' lang='lat' dir='ltr'>Et</span> <span class='ocrx_word' id='word_1_100' title='bbox 190 923 295 956; x_wconf 77' lang='lat' dir='ltr'>malae</span> <span class='ocrx_word' id='word_1_101' title='bbox 314 923 436 955; x_wconf 77' lang='lat' dir='ltr'>texere</span> <span class='ocrx_word' id='word_1_102' title='bbox 455 921 533 965; x_wconf 88' lang='lat' dir='ltr'>lupi</span> <span class='ocrx_word' id='word_1_103' title='bbox 552 933 634 954; x_wconf 91' lang='lat' dir='ltr'>cum</span> <span class='ocrx_word' id='word_1_104' title='bbox 654 921 826 954; x_wconf 73' lang='lat' dir='ltr'>dentibus</span> <span class='ocrx_word' id='word_1_105' title='bbox 846 921 937 954; x_wconf 84' lang='lat' dir='ltr'>albis</span> <span class='ocrx_word' id='word_1_106' title='bbox 954 933 962 961; x_wconf 83' lang='lat'><em>3</em></span> 
     </span>
    </p>

    <p class='ocr_par' dir='ltr' id='par_1_12' title="bbox 122 971 1094 1070">
     <span class='ocr_line' id='line_1_17' title="bbox 122 971 1094 1019; baseline -0.004 -10"><span class='ocrx_word' id='word_1_107' title='bbox 122 975 359 1019; x_wconf 86' lang='lat' dir='ltr'>Agrestisque</span> <span class='ocrx_word' id='word_1_108' title='bbox 380 986 509 1008; x_wconf 84' lang='lat' dir='ltr'>manus</span> <span class='ocrx_word' id='word_1_109' title='bbox 528 976 645 1008; x_wconf 85' lang='lat' dir='ltr'>armat</span> <span class='ocrx_word' id='word_1_110' title='bbox 665 985 812 1018; x_wconf 78' lang='lat' dir='ltr'>sparus:</span> <span class='ocrx_word' id='word_1_111' title='bbox 842 973 918 1016; x_wconf 90' lang='lat' dir='ltr'>ipse</span> <span class='ocrx_word' id='word_1_112' title='bbox 939 971 1094 1006; x_wconf 84' lang='lat' dir='ltr'>catervis</span> 
     </span>
     <span class='ocr_line' id='line_1_18' title="bbox 123 1026 1054 1070; baseline -0.003 -9"><span class='ocrx_word' id='word_1_113' title='bbox 123 1028 294 1061; x_wconf 88' lang='lat' dir='ltr'>Vertitur</span> <span class='ocrx_word' id='word_1_114' title='bbox 311 1027 351 1060; x_wconf 87' lang='lat' dir='ltr'>in</span> <span class='ocrx_word' id='word_1_115' title='bbox 372 1026 512 1070; x_wconf 89' lang='lat' dir='ltr'>mediis,</span> <span class='ocrx_word' id='word_1_116' title='bbox 535 1029 572 1060; x_wconf 92' lang='lat' dir='ltr'>et</span> <span class='ocrx_word' id='word_1_117' title='bbox 590 1029 672 1060; x_wconf 91' lang='lat' dir='ltr'>toto</span> <span class='ocrx_word' id='word_1_118' title='bbox 691 1026 826 1060; x_wconf 83' lang='lat' dir='ltr'>vertice</span> <span class='ocrx_word' id='word_1_119' title='bbox 847 1037 955 1069; x_wconf 87' lang='lat' dir='ltr'>supra</span> <span class='ocrx_word' id='word_1_120' title='bbox 974 1027 1029 1058; x_wconf 91' lang='lat' dir='ltr'>est</span> <span class='ocrx_word' id='word_1_121' title='bbox 1047 1037 1054 1058; x_wconf 91' lang='lat'>:</span> 
     </span>
    </p>

    <p class='ocr_par' dir='ltr' id='par_1_13' title="bbox 123 1076 1223 1177">
     <span class='ocr_line' id='line_1_19' title="bbox 123 1076 1223 1123; baseline -0.002 -10"><span class='ocrx_word' id='word_1_122' title='bbox 123 1079 236 1114; x_wconf 87' lang='lat' dir='ltr'>Hunc</span> <span class='ocrx_word' id='word_1_123' title='bbox 254 1080 318 1113; x_wconf 86' lang='lat' dir='ltr'>illa</span> <span class='ocrx_word' id='word_1_124' title='bbox 337 1082 530 1123; x_wconf 80' lang='lat' dir='ltr'>exceptum</span> <span class='ocrx_word' id='word_1_125' title='bbox 551 1079 683 1123; x_wconf 88' lang='lat' dir='ltr'>(neque</span> <span class='ocrx_word' id='word_1_126' title='bbox 703 1079 802 1112; x_wconf 87' lang='lat' dir='ltr'>enim</span> <span class='ocrx_word' id='word_1_127' title='bbox 819 1078 922 1112; x_wconf 82' lang='lat' dir='ltr'>labor</span> <span class='ocrx_word' id='word_1_128' title='bbox 942 1077 1085 1121; x_wconf 80' lang='lat' dir='ltr'>agmine</span> <span class='ocrx_word' id='word_1_129' title='bbox 1103 1076 1223 1121; x_wconf 88' lang='lat' dir='ltr'>verso)</span> 
     </span>
     <span class='ocr_line' id='line_1_20' title="bbox 124 1130 1042 1177; baseline -0.003 -11"><span class='ocrx_word' id='word_1_130' title='bbox 124 1132 287 1177; x_wconf 85' lang='lat' dir='ltr'>Trajicit,</span> <span class='ocrx_word' id='word_1_131' title='bbox 309 1134 346 1165; x_wconf 92' lang='lat' dir='ltr'>et</span> <span class='ocrx_word' id='word_1_132' title='bbox 365 1143 472 1175; x_wconf 88' lang='lat' dir='ltr'>super</span> <span class='ocrx_word' id='word_1_133' title='bbox 490 1132 569 1165; x_wconf 84' lang='lat' dir='ltr'>haec</span> <span class='ocrx_word' id='word_1_134' title='bbox 589 1131 735 1165; x_wconf 87' lang='lat' dir='ltr'>inimico</span> <span class='ocrx_word' id='word_1_135' title='bbox 754 1134 899 1174; x_wconf 88' lang='lat' dir='ltr'>pectore</span> <span class='ocrx_word' id='word_1_136' title='bbox 919 1130 1019 1164; x_wconf 86' lang='lat' dir='ltr'>fatur</span> <span class='ocrx_word' id='word_1_137' title='bbox 1036 1142 1042 1164; x_wconf 83' lang='lat' dir='ltr'>z</span> 
     </span>
    </p>

    <p class='ocr_par' dir='ltr' id='par_1_14' title="bbox 124 1181 1040 1281">
     <span class='ocr_line' id='line_1_21' title="bbox 128 1181 1040 1229; baseline -0.003 -11"><span class='ocrx_word' id='word_1_138' title='bbox 128 1186 154 1204; x_wconf 90' lang='lat'><strong>“</strong></span> <span class='ocrx_word' id='word_1_139' title='bbox 171 1185 292 1229; x_wconf 78' lang='lat' dir='ltr'>Sylvis</span> <span class='ocrx_word' id='word_1_140' title='bbox 310 1187 360 1227; x_wconf 87' lang='lat' dir='ltr'>te,</span> <span class='ocrx_word' id='word_1_141' title='bbox 383 1184 580 1228; x_wconf 86' lang='lat' dir='ltr'>Tyrrhene‚</span> <span class='ocrx_word' id='word_1_142' title='bbox 603 1184 697 1217; x_wconf 86' lang='lat' dir='ltr'>feras</span> <span class='ocrx_word' id='word_1_143' title='bbox 716 1184 852 1227; x_wconf 83' lang='lat' dir='ltr'>agitare</span> <span class='ocrx_word' id='word_1_144' title='bbox 872 1181 1040 1226; x_wconf 66' lang='lat' dir='ltr'>putasti?</span> 
     </span>
     <span class='ocr_line' id='line_1_22' title="bbox 124 1235 997 1281; baseline -0.003 -10"><span class='ocrx_word' id='word_1_145' title='bbox 124 1238 289 1272; x_wconf 83' lang='lat' dir='ltr'>Advenit</span> <span class='ocrx_word' id='word_1_146' title='bbox 310 1237 374 1281; x_wconf 82' lang='lat' dir='ltr'>qui</span> <span class='ocrx_word' id='word_1_147' title='bbox 392 1239 514 1270; x_wconf 85' lang='lat' dir='ltr'>vestra</span> <span class='ocrx_word' id='word_1_148' title='bbox 533 1236 609 1270; x_wconf 86' lang='lat' dir='ltr'>dies</span> <span class='ocrx_word' id='word_1_149' title='bbox 629 1236 867 1270; x_wconf 82' lang='lat' dir='ltr'>muliebribus</span> <span class='ocrx_word' id='word_1_150' title='bbox 887 1235 997 1269; x_wconf 85' lang='lat' dir='ltr'>armis</span> 
     </span>
    </p>

    <p class='ocr_par' dir='ltr' id='par_1_15' title="bbox 126 1288 1399 1491">
     <span class='ocr_line' id='line_1_23' title="bbox 126 1288 1212 1333; baseline -0.003 -10"><span class='ocrx_word' id='word_1_151' title='bbox 126 1290 249 1323; x_wconf 85' lang='lat' dir='ltr'>Verba</span> <span class='ocrx_word' id='word_1_152' title='bbox 267 1290 493 1333; x_wconf 83' lang='lat' dir='ltr'>redarguerit</span> <span class='ocrx_word' id='word_1_153' title='bbox 515 1302 521 1323; x_wconf 89' lang='lat'><strong>:</strong></span> <span class='ocrx_word' id='word_1_154' title='bbox 550 1300 684 1322; x_wconf 90' lang='lat' dir='ltr'>nomen</span> <span class='ocrx_word' id='word_1_155' title='bbox 704 1291 826 1322; x_wconf 81' lang='lat' dir='ltr'>tamen</span> <span class='ocrx_word' id='word_1_156' title='bbox 848 1288 949 1322; x_wconf 87' lang='lat' dir='ltr'>haud</span> <span class='ocrx_word' id='word_1_157' title='bbox 968 1288 1046 1321; x_wconf 87' lang='lat' dir='ltr'>leve</span> <span class='ocrx_word' id='word_1_158' title='bbox 1065 1290 1212 1331; x_wconf 86' lang='lat' dir='ltr'>patrum</span> 
     </span>
     <span class='ocr_line' id='line_1_24' title="bbox 127 1340 1052 1384; baseline -0.003 -8"><span class='ocrx_word' id='word_1_159' title='bbox 127 1343 301 1376; x_wconf 83' lang='lat' dir='ltr'>Manibus</span> <span class='ocrx_word' id='word_1_160' title='bbox 319 1342 388 1375; x_wconf 86' lang='lat' dir='ltr'>hoc</span> <span class='ocrx_word' id='word_1_161' title='bbox 407 1342 552 1384; x_wconf 80' lang='lat' dir='ltr'>referes,</span> <span class='ocrx_word' id='word_1_162' title='bbox 574 1342 649 1375; x_wconf 89' lang='lat' dir='ltr'>telo</span> <span class='ocrx_word' id='word_1_163' title='bbox 669 1341 838 1375; x_wconf 89' lang='lat' dir='ltr'>cecidisse</span> <span class='ocrx_word' id='word_1_164' title='bbox 854 1340 1025 1374; x_wconf 81' lang='lat' dir='ltr'>Camillae.</span> <span class='ocrx_word' id='word_1_165' title='bbox 1033 1340 1052 1356; x_wconf 89' lang='lat'>&#39;&#39;</span> 
     </span>
     <span class='ocr_line' id='line_1_25' title="bbox 126 1387 1399 1437; baseline -0.004 -8"><span class='ocrx_word' id='word_1_166' title='bbox 126 1396 300 1429; x_wconf 79' lang='lat' dir='ltr'>Protinus</span> <span class='ocrx_word' id='word_1_167' title='bbox 320 1394 548 1428; x_wconf 84' lang='lat' dir='ltr'>Orsilochum</span> <span class='ocrx_word' id='word_1_168' title='bbox 569 1397 605 1427; x_wconf 91' lang='lat' dir='ltr'>et</span> <span class='ocrx_word' id='word_1_169' title='bbox 626 1394 761 1437; x_wconf 82' lang='lat' dir='ltr'>Buten,</span> <span class='ocrx_word' id='word_1_170' title='bbox 785 1394 858 1427; x_wconf 89' lang='lat' dir='ltr'>duo</span> <span class='ocrx_word' id='word_1_171' title='bbox 877 1393 1038 1426; x_wconf 80' lang='lat' dir='ltr'>maxima</span> <span class='ocrx_word' id='word_1_172' title='bbox 1056 1392 1238 1426; x_wconf 70' lang='lat' dir='ltr'>Teucrum</span> <span class='ocrx_word' id='word_1_173' title='bbox 1355 1387 1399 1409; x_wconf 84' lang='lat'>⁶⁹⁰</span> 
     </span>
     <span class='ocr_line' id='line_1_26' title="bbox 127 1445 1028 1491; baseline -0.003 -10"><span class='ocrx_word' id='word_1_174' title='bbox 127 1448 284 1491; x_wconf 85' lang='lat' dir='ltr'>Corpora</span> <span class='ocrx_word' id='word_1_175' title='bbox 303 1460 309 1481; x_wconf 91' lang='lat'>:</span> <span class='ocrx_word' id='word_1_176' title='bbox 340 1447 402 1480; x_wconf 90' lang='lat' dir='ltr'>sed</span> <span class='ocrx_word' id='word_1_177' title='bbox 422 1447 545 1480; x_wconf 85' lang='lat' dir='ltr'>Buten</span> <span class='ocrx_word' id='word_1_178' title='bbox 565 1446 759 1480; x_wconf 83' lang='lat' dir='ltr'>adversum</span> <span class='ocrx_word' id='word_1_179' title='bbox 779 1446 927 1490; x_wconf 83' lang='lat' dir='ltr'>cuspide</span> <span class='ocrx_word' id='word_1_180' title='bbox 947 1445 1028 1478; x_wconf 75' lang='lat' dir='ltr'>fixit</span> 
     </span>
    </p>

    <p class='ocr_par' dir='ltr' id='par_1_16' title="bbox 126 1498 1038 1544">
     <span class='ocr_line' id='line_1_27' title="bbox 126 1498 1038 1544; baseline -0.003 -10"><span class='ocrx_word' id='word_1_181' title='bbox 126 1501 292 1534; x_wconf 84' lang='lat' dir='ltr'>Loricam</span> <span class='ocrx_word' id='word_1_182' title='bbox 310 1500 524 1544; x_wconf 85' lang='lat' dir='ltr'>galeamque</span> <span class='ocrx_word' id='word_1_183' title='bbox 544 1499 652 1542; x_wconf 86' lang='lat' dir='ltr'>inter,</span> <span class='ocrx_word' id='word_1_184' title='bbox 676 1510 749 1543; x_wconf 87' lang='lat' dir='ltr'>qua</span> <span class='ocrx_word' id='word_1_185' title='bbox 769 1499 860 1532; x_wconf 80' lang='lat' dir='ltr'>colla</span> <span class='ocrx_word' id='word_1_186' title='bbox 878 1498 1038 1531; x_wconf 89' lang='lat' dir='ltr'>sedentis</span> 
     </span>
    </p>

    <p class='ocr_par' dir='ltr' id='par_1_17' title="bbox 125 1551 974 1595">
     <span class='ocr_line' id='line_1_28' title="bbox 125 1551 974 1595; baseline -0.002 -9"><span class='ocrx_word' id='word_1_187' title='bbox 125 1553 279 1595; x_wconf 87' lang='lat' dir='ltr'>Lucent,</span> <span class='ocrx_word' id='word_1_188' title='bbox 302 1555 339 1585; x_wconf 88' lang='lat' dir='ltr'>et</span> <span class='ocrx_word' id='word_1_189' title='bbox 359 1552 452 1586; x_wconf 79' lang='lat' dir='ltr'>laevo</span> <span class='ocrx_word' id='word_1_190' title='bbox 472 1552 655 1595; x_wconf 84' lang='lat' dir='ltr'>dependet</span> <span class='ocrx_word' id='word_1_191' title='bbox 674 1563 800 1595; x_wconf 79' lang='lat' dir='ltr'>parma</span> <span class='ocrx_word' id='word_1_192' title='bbox 818 1551 974 1592; x_wconf 86' lang='lat' dir='ltr'>lacerto;</span> 
     </span>
    </p>

    <p class='ocr_par' dir='ltr' id='par_1_18' title="bbox 126 1602 1201 1649">
     <span class='ocr_line' id='line_1_29' title="bbox 126 1602 1201 1649; baseline -0.004 -10"><span class='ocrx_word' id='word_1_193' title='bbox 126 1605 368 1648; x_wconf 83' lang='lat' dir='ltr'>Orsilochum,</span> <span class='ocrx_word' id='word_1_194' title='bbox 391 1604 536 1649; x_wconf 84' lang='lat' dir='ltr'>fugiens</span> <span class='ocrx_word' id='word_1_195' title='bbox 556 1616 805 1648; x_wconf 85' lang='lat' dir='ltr'>magnumque</span> <span class='ocrx_word' id='word_1_196' title='bbox 824 1604 963 1647; x_wconf 84' lang='lat' dir='ltr'>agitata</span> <span class='ocrx_word' id='word_1_197' title='bbox 981 1614 1046 1647; x_wconf 87' lang='lat' dir='ltr'>per</span> <span class='ocrx_word' id='word_1_198' title='bbox 1065 1602 1201 1646; x_wconf 87' lang='lat' dir='ltr'>orbem,</span> 
     </span>
    </p>

    <p class='ocr_par' dir='ltr' id='par_1_19' title="bbox 126 1651 1400 1754">
     <span class='ocr_line' id='line_1_30' title="bbox 126 1651 1400 1701; baseline -0.002 -10"><span class='ocrx_word' id='word_1_199' title='bbox 126 1658 256 1691; x_wconf 84' lang='lat' dir='ltr'>Eludit</span> <span class='ocrx_word' id='word_1_200' title='bbox 274 1669 364 1701; x_wconf 84' lang='lat' dir='ltr'>gyro</span> <span class='ocrx_word' id='word_1_201' title='bbox 382 1657 547 1700; x_wconf 87' lang='lat' dir='ltr'>interior,</span> <span class='ocrx_word' id='word_1_202' title='bbox 571 1656 810 1700; x_wconf 84' lang='lat' dir='ltr'>sequiturque</span> <span class='ocrx_word' id='word_1_203' title='bbox 830 1659 1042 1700; x_wconf 81' lang='lat' dir='ltr'>sequentem</span> <span class='ocrx_word' id='word_1_204' title='bbox 1060 1668 1067 1689; x_wconf 93' lang='lat'>:</span> <span class='ocrx_word' id='word_1_205' title='bbox 1357 1651 1400 1672; x_wconf 82' lang='lat'>⁶⁹⁵</span> 
     </span>
     <span class='ocr_line' id='line_1_31' title="bbox 127 1707 1213 1754; baseline -0.003 -10"><span class='ocrx_word' id='word_1_206' title='bbox 127 1711 221 1744; x_wconf 88' lang='lat' dir='ltr'>Tum</span> <span class='ocrx_word' id='word_1_207' title='bbox 239 1710 399 1744; x_wconf 85' lang='lat' dir='ltr'>validam</span> <span class='ocrx_word' id='word_1_208' title='bbox 418 1721 554 1754; x_wconf 88' lang='lat' dir='ltr'>perque</span> <span class='ocrx_word' id='word_1_209' title='bbox 575 1721 676 1743; x_wconf 84' lang='lat' dir='ltr'>arma</span> <span class='ocrx_word' id='word_1_210' title='bbox 694 1709 773 1742; x_wconf 87' lang='lat' dir='ltr'>viro</span> <span class='ocrx_word' id='word_1_211' title='bbox 792 1720 929 1752; x_wconf 83' lang='lat' dir='ltr'>perque</span> <span class='ocrx_word' id='word_1_212' title='bbox 948 1719 1028 1742; x_wconf 74' lang='lat' dir='ltr'>ossa</span> <span class='ocrx_word' id='word_1_213' title='bbox 1047 1707 1213 1750; x_wconf 80' lang='lat' dir='ltr'>securim,</span> 
     </span>
    </p>

    <p class='ocr_par' dir='ltr' id='par_1_20' title="bbox 127 1761 990 1806">
     <span class='ocr_line' id='line_1_32' title="bbox 127 1761 990 1806; baseline -0.003 -9"><span class='ocrx_word' id='word_1_214' title='bbox 127 1763 248 1797; x_wconf 86' lang='lat' dir='ltr'>Altior</span> <span class='ocrx_word' id='word_1_215' title='bbox 266 1763 467 1806; x_wconf 82' lang='lat' dir='ltr'>insurgens,</span> <span class='ocrx_word' id='word_1_216' title='bbox 492 1762 618 1795; x_wconf 84' lang='lat' dir='ltr'>oranti.</span> <span class='ocrx_word' id='word_1_217' title='bbox 632 1765 669 1795; x_wconf 91' lang='lat' dir='ltr'>et</span> <span class='ocrx_word' id='word_1_218' title='bbox 688 1761 808 1795; x_wconf 88' lang='lat' dir='ltr'>multa</span> <span class='ocrx_word' id='word_1_219' title='bbox 825 1761 990 1804; x_wconf 84' lang='lat' dir='ltr'>precanti</span> 
     </span>
    </p>

    <p class='ocr_par' dir='ltr' id='par_1_21' title="bbox 128 1812 1070 1859">
     <span class='ocr_line' id='line_1_33' title="bbox 128 1812 1070 1859; baseline -0.003 -10"><span class='ocrx_word' id='word_1_220' title='bbox 128 1815 369 1859; x_wconf 82' lang='lat' dir='ltr'>Congeminat</span> <span class='ocrx_word' id='word_1_221' title='bbox 387 1827 396 1856; x_wconf 90' lang='lat'>;</span> <span class='ocrx_word' id='word_1_222' title='bbox 424 1815 560 1848; x_wconf 85' lang='lat' dir='ltr'>vulnus</span> <span class='ocrx_word' id='word_1_223' title='bbox 581 1813 697 1847; x_wconf 80' lang='lat' dir='ltr'>calido</span> <span class='ocrx_word' id='word_1_224' title='bbox 716 1812 814 1857; x_wconf 87' lang='lat' dir='ltr'>rigat</span> <span class='ocrx_word' id='word_1_225' title='bbox 834 1824 897 1847; x_wconf 88' lang='lat' dir='ltr'>ora</span> <span class='ocrx_word' id='word_1_226' title='bbox 916 1812 1070 1847; x_wconf 90' lang='lat' dir='ltr'>cerebro.</span> 
     </span>
    </p>

    <p class='ocr_par' dir='ltr' id='par_1_22' title="bbox 127 1865 1080 1910">
     <span class='ocr_line' id='line_1_34' title="bbox 127 1865 1080 1910; baseline -0.003 -9"><span class='ocrx_word' id='word_1_227' title='bbox 127 1868 265 1902; x_wconf 82' lang='lat' dir='ltr'>Incidit</span> <span class='ocrx_word' id='word_1_228' title='bbox 284 1867 382 1910; x_wconf 81' lang='lat' dir='ltr'>huie,</span> <span class='ocrx_word' id='word_1_229' title='bbox 406 1867 602 1910; x_wconf 88' lang='lat' dir='ltr'>subitoque</span> <span class='ocrx_word' id='word_1_230' title='bbox 622 1869 772 1910; x_wconf 85' lang='lat' dir='ltr'>aspectu</span> <span class='ocrx_word' id='word_1_231' title='bbox 793 1866 942 1900; x_wconf 87' lang='lat' dir='ltr'>territus</span> <span class='ocrx_word' id='word_1_232' title='bbox 961 1865 1080 1908; x_wconf 79' lang='lat' dir='ltr'>haesit,</span> 
     </span>
    </p>

    <p class='ocr_par' dir='ltr' id='par_1_23' title="bbox 127 1913 1404 2017">
     <span class='ocr_line' id='line_1_35' title="bbox 127 1913 1404 1965; baseline -0.004 -10"><span class='ocrx_word' id='word_1_233' title='bbox 127 1919 429 1965; x_wconf 78' lang='lat' dir='ltr'>Appenninicolae</span> <span class='ocrx_word' id='word_1_234' title='bbox 450 1919 603 1953; x_wconf 84' lang='lat' dir='ltr'>bellator</span> <span class='ocrx_word' id='word_1_235' title='bbox 622 1919 719 1952; x_wconf 86' lang='lat' dir='ltr'>filius</span> <span class='ocrx_word' id='word_1_236' title='bbox 738 1918 853 1962; x_wconf 86' lang='lat' dir='ltr'>Auni,</span> <span class='ocrx_word' id='word_1_237' title='bbox 1362 1913 1404 1937; x_wconf 73' lang='lat'>7⁰⁰</span> 
     </span>
     <span class='ocr_line' id='line_1_36' title="bbox 129 1968 1226 2017; baseline -0.003 -10"><span class='ocrx_word' id='word_1_238' title='bbox 129 1973 243 2007; x_wconf 83' lang='lat' dir='ltr'>Haud</span> <span class='ocrx_word' id='word_1_239' title='bbox 262 1972 439 2017; x_wconf 84' lang='lat' dir='ltr'>Ligurum</span> <span class='ocrx_word' id='word_1_240' title='bbox 460 1975 660 2015; x_wconf 86' lang='lat' dir='ltr'>extremus,</span> <span class='ocrx_word' id='word_1_241' title='bbox 683 1971 773 2005; x_wconf 90' lang='lat' dir='ltr'>dum</span> <span class='ocrx_word' id='word_1_242' title='bbox 791 1970 917 2005; x_wconf 82' lang='lat' dir='ltr'>fallere</span> <span class='ocrx_word' id='word_1_243' title='bbox 935 1970 1014 2004; x_wconf 80' lang='lat' dir='ltr'>fata</span> <span class='ocrx_word' id='word_1_244' title='bbox 1031 1968 1201 2004; x_wconf 84' lang='lat' dir='ltr'>sinebant</span> <span class='ocrx_word' id='word_1_245' title='bbox 1217 1981 1226 2004; x_wconf 86' lang='lat'><strong>:</strong></span> 
     </span>
    </p>

    <p class='ocr_par' dir='ltr' id='par_1_24' title="bbox 128 2023 1060 2070">
     <span class='ocr_line' id='line_1_37' title="bbox 128 2023 1060 2070; baseline -0.003 -10"><span class='ocrx_word' id='word_1_246' title='bbox 128 2026 253 2070; x_wconf 86' lang='lat' dir='ltr'>Isque,</span> <span class='ocrx_word' id='word_1_247' title='bbox 275 2025 341 2059; x_wconf 80' lang='lat' dir='ltr'>ubi</span> <span class='ocrx_word' id='word_1_248' title='bbox 359 2036 397 2058; x_wconf 87' lang='lat' dir='ltr'>se</span> <span class='ocrx_word' id='word_1_249' title='bbox 417 2024 520 2059; x_wconf 82' lang='lat' dir='ltr'>nullo</span> <span class='ocrx_word' id='word_1_250' title='bbox 536 2024 615 2068; x_wconf 82' lang='lat' dir='ltr'>jam</span> <span class='ocrx_word' id='word_1_251' title='bbox 635 2035 743 2058; x_wconf 82' lang='lat' dir='ltr'>cursu</span> <span class='ocrx_word' id='word_1_252' title='bbox 763 2023 916 2058; x_wconf 83' lang='lat' dir='ltr'>evadere</span> <span class='ocrx_word' id='word_1_253' title='bbox 935 2024 1060 2068; x_wconf 70' lang='lat' dir='ltr'>pugna.</span> 
     </span>
    </p>

    <p class='ocr_par' dir='ltr' id='par_1_25' title="bbox 130 2075 1132 2122">
     <span class='ocr_line' id='line_1_38' title="bbox 130 2075 1132 2122; baseline -0.002 -10"><span class='ocrx_word' id='word_1_254' title='bbox 130 2077 255 2121; x_wconf 77' lang='lat' dir='ltr'>Posse,</span> <span class='ocrx_word' id='word_1_255' title='bbox 277 2089 398 2122; x_wconf 88' lang='lat' dir='ltr'>neque</span> <span class='ocrx_word' id='word_1_256' title='bbox 417 2077 620 2112; x_wconf 82' lang='lat' dir='ltr'>instantem</span> <span class='ocrx_word' id='word_1_257' title='bbox 639 2075 801 2121; x_wconf 79' lang='lat' dir='ltr'>reginam</span> <span class='ocrx_word' id='word_1_258' title='bbox 821 2077 984 2111; x_wconf 86' lang='lat' dir='ltr'>avertere</span> <span class='ocrx_word' id='word_1_259' title='bbox 1003 2075 1132 2120; x_wconf 84' lang='lat' dir='ltr'>cernit,</span> 
     </span>
    </p>

    <p class='ocr_par' dir='ltr' id='par_1_26' title="bbox 130 2128 950 2174">
     <span class='ocr_line' id='line_1_39' title="bbox 130 2128 950 2174; baseline -0.004 -9"><span class='ocrx_word' id='word_1_260' title='bbox 130 2130 291 2166; x_wconf 84' lang='lat' dir='ltr'>Consilio</span> <span class='ocrx_word' id='word_1_261' title='bbox 311 2141 452 2165; x_wconf 87' lang='lat' dir='ltr'>versare</span> <span class='ocrx_word' id='word_1_262' title='bbox 473 2129 577 2164; x_wconf 86' lang='lat' dir='ltr'>dolos</span> <span class='ocrx_word' id='word_1_263' title='bbox 596 2128 780 2174; x_wconf 84' lang='lat' dir='ltr'>ingressus</span> <span class='ocrx_word' id='word_1_264' title='bbox 799 2130 837 2163; x_wconf 84' lang='lat' dir='ltr'>ot</span> <span class='ocrx_word' id='word_1_265' title='bbox 855 2130 950 2173; x_wconf 80' lang='lat' dir='ltr'>astu,</span> 
     </span>
    </p>

    <p class='ocr_par' dir='ltr' id='par_1_27' title="bbox 131 2177 1408 2280">
     <span class='ocr_line' id='line_1_40' title="bbox 132 2177 1408 2227; baseline -0.002 -10"><span class='ocrx_word' id='word_1_266' title='bbox 132 2183 270 2227; x_wconf 88' lang='lat' dir='ltr'>Incipit</span> <span class='ocrx_word' id='word_1_267' title='bbox 287 2181 368 2217; x_wconf 84' lang='lat' dir='ltr'>haec</span> <span class='ocrx_word' id='word_1_268' title='bbox 384 2195 392 2217; x_wconf 77' lang='grc' dir='ltr'>ε</span> <span class='ocrx_word' id='word_1_269' title='bbox 424 2183 451 2201; x_wconf 92' lang='lat'><strong><em>“</em></strong></span> <span class='ocrx_word' id='word_1_270' title='bbox 467 2181 565 2224; x_wconf 87' lang='lat' dir='ltr'>Quid</span> <span class='ocrx_word' id='word_1_271' title='bbox 585 2184 663 2216; x_wconf 84' lang='lat' dir='ltr'>tam</span> <span class='ocrx_word' id='word_1_272' title='bbox 682 2180 880 2227; x_wconf 83' lang='lat' dir='ltr'>egregium,</span> <span class='ocrx_word' id='word_1_273' title='bbox 900 2181 933 2215; x_wconf 87' lang='lat' dir='ltr'>si</span> <span class='ocrx_word' id='word_1_274' title='bbox 949 2180 1103 2215; x_wconf 82' lang='lat' dir='ltr'>foemina</span> <span class='ocrx_word' id='word_1_275' title='bbox 1119 2180 1209 2214; x_wconf 84' lang='lat' dir='ltr'>forti</span> <span class='ocrx_word' id='word_1_276' title='bbox 1366 2177 1408 2201; x_wconf 88' lang='lat'>⁷⁰⁵</span> 
     </span>
     <span class='ocr_line' id='line_1_41' title="bbox 131 2232 1131 2280; baseline -0.003 -10"><span class='ocrx_word' id='word_1_277' title='bbox 131 2236 234 2270; x_wconf 86' lang='lat' dir='ltr'>Fidis</span> <span class='ocrx_word' id='word_1_278' title='bbox 254 2246 350 2280; x_wconf 88' lang='lat' dir='ltr'>equo</span> <span class='ocrx_word' id='word_1_279' title='bbox 366 2234 380 2270; x_wconf 68' lang='grc' dir='ltr'><strong><em>Ἰ</em></strong></span> <span class='ocrx_word' id='word_1_280' title='bbox 406 2234 554 2269; x_wconf 82' lang='lat' dir='ltr'>dimitte</span> <span class='ocrx_word' id='word_1_281' title='bbox 572 2234 709 2279; x_wconf 72' lang='lat' dir='ltr'>fugam,</span> <span class='ocrx_word' id='word_1_282' title='bbox 729 2235 767 2268; x_wconf 91' lang='lat' dir='ltr'>et</span> <span class='ocrx_word' id='word_1_283' title='bbox 784 2236 822 2268; x_wconf 90' lang='lat' dir='ltr'>te</span> <span class='ocrx_word' id='word_1_284' title='bbox 841 2232 1006 2268; x_wconf 83' lang='lat' dir='ltr'>cominus</span> <span class='ocrx_word' id='word_1_285' title='bbox 1023 2243 1131 2277; x_wconf 84' lang='lat' dir='ltr'>aequo</span> 
     </span>
    </p>

    <p class='ocr_par' dir='ltr' id='par_1_28' title="bbox 132 2284 1114 2332">
     <span class='ocr_line' id='line_1_42' title="bbox 132 2284 1114 2332; baseline -0.003 -10"><span class='ocrx_word' id='word_1_286' title='bbox 132 2288 283 2323; x_wconf 88' lang='lat' dir='ltr'>Mecum</span> <span class='ocrx_word' id='word_1_287' title='bbox 304 2288 409 2322; x_wconf 91' lang='lat' dir='ltr'>crede</span> <span class='ocrx_word' id='word_1_288' title='bbox 429 2287 518 2331; x_wconf 81' lang='lat' dir='ltr'>solo,</span> <span class='ocrx_word' id='word_1_289' title='bbox 539 2298 746 2332; x_wconf 81' lang='lat' dir='ltr'>pugnaeque</span> <span class='ocrx_word' id='word_1_290' title='bbox 764 2285 910 2330; x_wconf 83' lang='lat' dir='ltr'>accinge</span> <span class='ocrx_word' id='word_1_291' title='bbox 928 2284 1089 2330; x_wconf 74' lang='lat' dir='ltr'>pedestri</span> <span class='ocrx_word' id='word_1_292' title='bbox 1106 2297 1114 2320; x_wconf 91' lang='lat'>:</span> 
     </span>
    </p>

    <p class='ocr_par' dir='ltr' id='par_1_29' title="bbox 133 2337 1078 2385">
     <span class='ocr_line' id='line_1_43' title="bbox 133 2337 1078 2385; baseline -0.003 -9"><span class='ocrx_word' id='word_1_293' title='bbox 133 2339 161 2376; x_wconf 87' lang='lat' dir='ltr'><strong>J</strong></span> <span class='ocrx_word' id='word_1_294' title='bbox 161 2352 221 2376; x_wconf 80' lang='lat' dir='ltr'>am</span> <span class='ocrx_word' id='word_1_295' title='bbox 241 2351 378 2385; x_wconf 72' lang='lat' dir='ltr'>nosceS,</span> <span class='ocrx_word' id='word_1_296' title='bbox 402 2342 553 2375; x_wconf 80' lang='lat' dir='ltr'>ventosa</span> <span class='ocrx_word' id='word_1_297' title='bbox 571 2339 666 2374; x_wconf 87' lang='lat' dir='ltr'>ferat</span> <span class='ocrx_word' id='word_1_298' title='bbox 684 2338 743 2374; x_wconf 81' lang='lat' dir='ltr'>cui</span> <span class='ocrx_word' id='word_1_299' title='bbox 762 2338 876 2384; x_wconf 83' lang='lat' dir='ltr'>gloria</span> <span class='ocrx_word' id='word_1_300' title='bbox 893 2338 1050 2373; x_wconf 84' lang='lat' dir='ltr'>laudem.</span> <span class='ocrx_word' id='word_1_301' title='bbox 1057 2337 1078 2355; x_wconf 91' lang='lat'>&#39;&#39;</span> 
     </span>
    </p>
   </div>
  </div>
 </body>
</html>
