1528 2569
649 122 784 148 LIBER
814 122 879 148 111.

213 207 336 241 Durus
355 207 482 242 amor?
508 219 637 251 nempe
657 208 820 252 abruptis
838 207 987 241 turbata
1005 208 1170 251 procellis

213 260 332 294 Nocte
350 264 454 294 natat
474 262 568 294 caeca
586 272 686 294 serus
704 261 798 294 freta
818 273 825 295 :
854 272 963 304 quem
983 272 1090 304 super
1108 261 1235 305 ingens

213 314 325 347 Porta
342 316 447 348 tonat
466 314 559 356 coeli,
582 316 619 347 et
638 314 793 357 scopulis
811 314 905 347 illisa
922 313 1120 347 reclamant

212 366 378 411 AEquora
394 380 402 408 3
430 378 496 400 nec
515 367 635 400 miseri
653 369 805 410 possunt
823 378 990 400 revocare
1008 370 1189 410 parentes,

212 419 292 453 Nec
309 420 486 453 moritura
505 431 611 463 super
629 420 766 453 crudeli
784 420 910 452 funere
929 419 1039 462 virgo.

213 472 311 513 Quid
329 473 451 516 lynces
470 473 604 506 Bacchi
622 473 744 515 variae,
767 475 803 506 et
821 483 935 516 genus
954 484 1033 505 acre
1051 472 1233 516 luporum,

211 527 336 569 Atque
356 537 485 560 canum
500 525 512 559 ⁴3
540 525 639 569 quid,
664 537 746 569 quae
764 525 927 558 imbelles
945 525 1034 558 dant
1053 525 1177 568 praelia
1195 526 1291 559 cervi
1306 526 1318 559 2

213 578 357 612 Scilicet
376 582 461 614 ante
481 590 605 612 omnes
624 579 725 612 furor
744 581 798 611 est
817 578 969 622 insignis
988 589 1163 622 equarum
1184 591 1191 613 ε

211 631 260 665 Et
279 635 440 665 mentem
458 631 585 664 Venus
603 631 680 674 ipsa
699 631 813 674 dedit,
836 642 907 674 quo
926 633 1088 674 tempore
1109 631 1237 665 Glauci

211 684 409 718 Potniades
428 684 537 725 malis·
550 684 711 717 membra
730 683 960 727 absumpsere
981 684 1177 727 quadrigae.

211 737 298 770 Illas
317 737 418 770 ducit
437 748 537 770 amor
554 739 655 770 trans
675 736 846 779 Gargara,
867 739 1041 780 transque
1061 739 1249 770 sonantem

211 790 409 823 Ascanium
426 803 434 831 ;
463 792 635 833 superant
654 791 808 832 montes,
831 791 868 822 et
887 789 1039 822 flumina
1057 792 1215 823 tranant.

211 842 467 886 Continuoque
487 842 603 876 avidis
621 842 686 875 ubi
705 842 852 876 subdita
870 842 1015 876 flamma
1034 843 1215 886 medullis,

212 896 323 939 (Vere
341 896 467 939 magis,
490 895 576 939 quia
594 907 677 929 vere
697 896 793 929 calor
809 895 905 928 redit
924 895 1090 940 ossibus),
1111 895 1184 929 illae

211 948 282 982 Ore
301 960 425 982 omnes
444 960 556 982 versae
575 949 613 982 in
633 948 840 992 Zephyrum
859 951 958 982 stant
977 949 1128 992 rupibus
1147 949 1242 992 altis,

210 1002 490 1046 Exceptantque
508 1002 605 1035 leves
624 1013 729 1035 auras
749 1014 755 1036 :
784 1004 821 1035 et
840 1013 934 1045 saepe
953 1001 1028 1034 sine
1047 1002 1132 1035 ullis

211 1055 408 1099 conjugiis,
431 1058 541 1088 vento
561 1054 719 1098 gravidae
739 1054 918 1098 (mirabile
937 1054 1053 1099 dictu)

213 1108 309 1142 Saxa
326 1120 390 1152 per
408 1111 444 1141 et
464 1108 628 1151 scopulos
647 1109 684 1141 et
703 1108 888 1151 depressas
907 1108 1088 1141 convalles

211 1161 419 1205 Diffugiimt
439 1174 447 1202 ;
475 1172 561 1203 non,
583 1161 692 1204 Eure,
714 1163 809 1205 tuos,
831 1172 950 1204 neque
971 1161 1063 1194 Solis
1081 1161 1127 1194 ad
1148 1164 1261 1204 ortus,

212 1214 258 1248 In
276 1214 441 1257 Boream,
465 1214 707 1257 Caurumque,
729 1216 793 1247 aut
812 1214 910 1247 unde
928 1214 1144 1257 nigerrimus
1164 1216 1298 1248 Auster

211 1267 398 1310 Nascitur,
420 1269 457 1300 et
476 1266 600 1310 pluvio
619 1267 810 1300 contristat
829 1267 960 1310 frigore
980 1267 1120 1301 coelum.

212 1320 285 1353 Hic
304 1320 462 1363 demum,
485 1320 719 1363 hippomanes
738 1331 823 1352 vero
843 1320 942 1363 quod
960 1320 1106 1353 nomine
1125 1320 1253 1354 dicunt

212 1374 392 1415 PastoreS,
415 1373 555 1406 lentum
575 1373 737 1405 destillat
756 1373 801 1405 ab
820 1372 969 1416 inguine
988 1373 1088 1406 virus
1106 1386 1112 1407 :

211 1426 471 1469 Hippomanes,
494 1425 590 1469 quod
610 1437 704 1469 szepe
723 1425 827 1458 malae
847 1425 963 1469 legere
981 1437 1157 1470 novercae,

211 1479 512 1522 Miscueruntque
530 1479 671 1521 herbas,
694 1481 731 1511 et
749 1490 824 1511 non
843 1478 991 1512 innoxia
1009 1479 1127 1513 verba.

265 1532 336 1566 Sed
354 1532 449 1575 fugit
468 1532 618 1574 interea,
640 1531 736 1575 fugit
755 1531 985 1575 irreparabile
1005 1534 1163 1576 tempus,

213 1584 361 1629 Singula
380 1585 469 1618 dum
488 1585 583 1628 capti
603 1585 926 1618 circumvectamur
943 1596 1074 1619 amore.

211 1638 294 1672 Hoc
313 1638 399 1671 satis
419 1638 591 1671 armentis
609 1650 615 1672 :
645 1640 790 1681 superat
810 1650 892 1681 pars
911 1638 1025 1671 altera
1044 1650 1152 1682 curae,

211 1691 405 1735 Lanigeros
423 1691 559 1735 agitare
578 1702 713 1735 greges,
735 1691 922 1735 hirtasque
943 1691 1095 1735 capellas
1114 1704 1120 1726 ε

211 1744 285 1777 Hic
303 1744 404 1777 labor
424 1757 432 1786 ;
460 1744 545 1778 hinc
563 1744 709 1777 laudem
728 1744 840 1777 fortes
860 1747 1001 1787 sperate
1021 1745 1147 1779 coloni.

210 1796 250 1830 N
252 1809 291 1830 ec
309 1809 389 1830 sum
407 1797 519 1831 animi
538 1797 682 1840 dubius,
704 1797 822 1830 verbis
842 1809 883 1830 ea
902 1797 1044 1830 vincere
1064 1809 1237 1842 maguum

211 1849 330 1891 Quam
350 1850 409 1892 sit,
432 1853 470 1884 et
489 1850 651 1894 angustis
670 1850 767 1883 hunc
787 1850 918 1883 addere
937 1850 1044 1883 rebus
1064 1851 1249 1888 honorem.

212 1903 283 1936 Sed
301 1915 359 1936 me
378 1903 546 1937 Parnassi
565 1903 708 1936 deserta
726 1915 790 1946 per
808 1903 922 1936 ardua
941 1903 1057 1936 dulcis

211 1956 349 1999 Raptat
369 1968 469 1989 amor
489 1969 495 1990 :
520 1956 628 2000 juvat
646 1956 697 1989 ire
712 1956 823 2000 jugis,
847 1968 919 1999 qua
937 1957 1038 1990 nulla
1057 1957 1218 2000 priorum

211 2009 406 2042 Castaliam
425 2009 525 2042 molli
544 2009 748 2042 devertitur
766 2009 884 2042 orbita
903 2009 1005 2043 clivo.

210 2062 333 2104 Nunc,
357 2062 560 2095 veneranda
580 2061 696 2104 Pales,
718 2073 848 2104 magno
867 2073 964 2095 nunc
984 2074 1043 2095 ore
1063 2063 1275 2097 sonandum.

211 2115 406 2159 Incipiens,
429 2115 581 2148 stabulis
601 2114 702 2147 edico
722 2114 759 2147 in
779 2114 948 2148 mollibus
966 2115 1115 2148 herbam

210 2168 362 2212 Carpere
382 2179 478 2211 oves,
500 2168 588 2200 dum
607 2179 692 2200 mox
712 2167 882 2200 frondosa
900 2167 1086 2201 reducitur
1105 2171 1210 2202 aestas
1228 2182 1235 2203 :

210 2221 259 2255 Et
277 2221 397 2254 multa
416 2221 544 2254 duram
565 2220 701 2264 stipula
720 2220 928 2264 filicumque
947 2221 1118 2264 maniplis

210 2274 377 2307 Sternere
396 2274 520 2307 subter
538 2274 703 2316 humum,
725 2273 854 2317 glacies
873 2285 919 2307 ne
938 2274 1069 2317 frigida
1087 2274 1198 2309 laedat

210 2326 324 2360 Molle
343 2338 463 2370 pecus,
486 2327 713 2370 scabiemque
732 2327 837 2370 ferat,
860 2329 1058 2371 turpesque
1076 2327 1262 2372 podagras.

210 2379 310 2423 Post,
332 2379 416 2413 hinc
435 2380 626 2424 digressuS,
644 2379 755 2423 jubeo
774 2379 983 2414 frondentia
1002 2381 1117 2424 capris

1381 259 1420 280 26⁰

1382 787 1424 811 27«)

1383 1053 1424 1077 275

1384 1319 1425 1338 250

1383 1585 1424 1606 285

1382 1852 1425 1871 2¹9¹>

1381 2115 1422 2135 295

1379 2380 1419 2400 ³¹:¹2
