1528 2569
672 133 805 160 LIBER
834 132 898 159 111.

233 224 326 258 Mox
346 225 423 256 erat
441 222 510 256 hoc
528 222 647 266 ipsum
667 221 792 265 exitio,
815 221 990 265 furiisque
1009 221 1136 255 refecti

233 276 423 310 Ardebant
440 289 448 317 ;
476 275 617 319 ipsique
637 286 733 317 suos,
751 275 830 318 jam
848 277 965 308 morte
984 274 1052 308 sub
1072 279 1180 318 aegra,

235 330 297 374 (Di
316 329 465 362 meliora
483 329 562 372 piis,
585 339 814 372 erroremque
833 327 998 361 hostibus
1017 327 1122 360 illum
1139 327 1162 372 ἕ)

232 382 410 417 Discissos
428 382 537 415 nudis
556 381 742 415 laniabant
763 380 933 414 dentibus
953 383 1063 414 artus.

285 434 378 469 Ecce
397 437 520 468 autem
539 434 631 468 duro
650 434 794 467 fumans
814 433 882 467 sub
901 445 1045 466 vomere
1064 435 1193 466 taurus

233 488 413 531 Concidit,
435 490 472 521 et
490 488 650 521 mixtum
669 487 805 530 spumis
824 487 940 519 vomit
959 497 1019 519 ore
1039 497 1215 530 cruorem,

232 541 498 585 Extremosque
519 541 589 574 ciet
607 539 763 584 gemitus
781 552 789 574 :
817 539 847 572 it
867 539 983 572 tristis
1002 542 1135 581 arator,
1171 550 1174 551 ⁷

231 594 454 628 Moerentem
473 593 675 637 abjungens
694 593 858 626 fraterna
876 594 992 625 morte
1008 592 1222 635 juvencum,

230 648 356 691 Atque
375 658 481 690 opere
499 646 538 679 in
557 645 676 679 medio
695 645 815 678 defixa
834 643 984 688 reliquit
1004 647 1132 678 aratra.

231 700 320 733 Non
338 700 479 733 umbrae
498 699 656 733 altorum
675 709 877 740 nemorum,
899 708 973 730 11011
993 698 1116 730 mollia
1135 700 1288 741 possunt

232 753 345 786 Prata
364 763 509 785 movere
530 751 705 793 animum,
727 761 802 784 non
822 750 885 794 qui
903 762 968 794 per
987 761 1074 783 saxa
1092 751 1243 784 volutus

231 805 363 839 Purior
381 805 514 839 electro
535 815 702 847 eampum
720 803 813 847 petit
833 803 948 836 amnis
967 816 974 837 z
1004 805 1043 836 at
1061 803 1134 836 ima

231 858 433 893 Solvuntur
449 858 573 900 latera,
597 859 708 900 atque
728 856 849 889 oculos
868 859 995 900 stupor
1012 859 1117 899 urget
1134 856 1282 901 inertes,

231 912 291 945 Ad
310 914 517 955 terramque
536 910 618 944 fluit
637 910 775 943 devexo
794 909 952 953 pondere
972 909 1102 943 cervix.

1388 124 1437 162 61

1399 432 1440 452 515

232 964 329 1006 Quid
347 964 460 1007 labor,
481 966 546 998 aut
565 963 755 996 benefacta
769 962 905 1006 juvant
922 962 934 996 ’ἲ
961 962 1050 1006 quid
1065 974 1209 996 vomere
1229 966 1343 997 terras
1403 968 1415 981 ⁰
1431 967 1443 980 ³

231 1017 429 1051 Invertisse
447 1028 573 1061 graves
589 1016 601 1050 2
629 1016 734 1059 atqui
752 1027 826 1049 uon
845 1015 1001 1049 Massica
1019 1015 1153 1049 Bacchi

231 1071 400 1113 Munera,
422 1081 496 1103 non
514 1070 586 1103 illis
606 1069 721 1113 epulae
740 1068 894 1102 nocuere
912 1068 1066 1112 repostae
1087 1081 1094 1110 3

231 1124 438 1158 Frondibus
456 1125 492 1156 et
512 1123 613 1156 victu
631 1125 831 1166 pascuntur
850 1121 1021 1165 simplicis
1040 1121 1161 1155 herbae
1179 1134 1186 1156 :

231 1177 368 1211 Pocula
387 1179 473 1210 sunt
491 1176 612 1209 fontes
630 1175 773 1219 liquidi,
795 1177 905 1218 atque
925 1175 1084 1208 exercita
1103 1186 1210 1210 cursu

232 1230 403 1264 Flumina
419 1242 428 1271 3
455 1240 522 1262 1100
541 1239 685 1262 somnos
705 1227 888 1271 abrumpit
907 1239 993 1261 cura
1012 1228 1182 1263 salubres.

286 1283 460 1327 Tempore
478 1293 552 1315 non
571 1281 641 1315 alio
660 1281 788 1314 dicunt
807 1280 1012 1324 regionibus
1031 1281 1102 1314 illis

233 1335 413 1377 Quaesitas
432 1335 478 1368 ad
498 1346 597 1368 sacra
615 1334 725 1367 boves
744 1333 914 1376 Junonis,
937 1336 974 1367 et
992 1333 1068 1367 uris

233 1389 438 1433 Imparibus
457 1388 586 1421 ductos
605 1387 680 1420 alta
698 1386 745 1420 ad
764 1386 913 1420 donaria
933 1397 1067 1420 currus.

232 1441 328 1485 Ergo
347 1453 442 1485 aegre
460 1440 585 1474 rastris
604 1443 740 1473 terram
758 1439 953 1482 rimantur,
975 1442 1012 1472 et
1030 1439 1117 1483 ipsis

233 1494 427 1539 Unguibus
445 1493 631 1527 infodiunt
650 1493 783 1536 fruges,
805 1495 1020 1536 montesque
1039 1504 1104 1536 per
1121 1492 1215 1527 altos

232 1547 416 1582 Contenta
435 1547 572 1581 cervice
590 1546 742 1579 trahunt
763 1545 954 1579 stridentia
973 1545 1144 1589 plaustra.

232 1600 320 1634 Non
339 1601 447 1644 lupus
464 1599 613 1633 insidias
631 1599 796 1642 explorat
814 1598 923 1632 ovilia
942 1599 1088 1641 circum,

232 1652 270 1688 N
273 1665 313 1688 ec
331 1653 498 1697 gregibus
516 1655 717 1686 nocturnus
737 1651 948 1685 obambulat
968 1664 976 1693 ;
1005 1652 1119 1685 acrior
1138 1652 1243 1685 ilium

234 1706 330 1740 Cura
349 1706 475 1740 domat
493 1718 499 1740 :
527 1705 649 1739 timidi
668 1705 784 1738 damae
805 1705 973 1748 cervique
992 1705 1138 1748 fugaces

234 1760 345 1793 Nunc
362 1759 531 1802 interque
551 1770 657 1792 canes
676 1761 713 1791 et
733 1758 868 1791 circum
887 1760 985 1791 tecta
1003 1761 1192 1801 vagantur.

232 1812 259 1846 J
261 1824 319 1845 am
339 1812 447 1845 maris
465 1811 634 1844 immensi
651 1810 802 1855 prolem,
825 1813 862 1844 et
881 1822 994 1854 genus
1014 1822 1119 1844 omne
1140 1811 1347 1854 natantum,

233 1865 374 1899 Littore
393 1865 432 1898 in
452 1867 626 1907 extremo,
650 1875 715 1897 ceu
733 1863 909 1907 naufraga
929 1875 1088 1907 corpora,
1111 1864 1243 1898 fluetus

233 1918 377 1951 Proluit
397 1929 405 1952 ι
433 1917 589 1951 insolitae
607 1917 757 1961 fugiunt
775 1916 813 1949 in
833 1917 984 1950 flumina
1003 1917 1137 1961 phocae.

233 1970 368 2004 Interit
387 1973 424 2004 et
443 1970 561 2004 curvis
579 1971 716 2003 frustra
735 1969 884 2003 defensa
902 1969 1050 2003 latebris

234 2023 383 2067 Vipera,
406 2026 443 2057 et
462 2023 610 2056 attoniti
629 2023 790 2066 squamis
810 2023 1017 2056 astantibus
1037 2022 1154 2066 hydri.

233 2076 328 2120 Ipsis
347 2079 402 2110 est
422 2080 482 2110 aer
501 2076 629 2109 avibus
647 2087 722 2109 non
742 2086 880 2119 aequus,
903 2078 940 2108 et
960 2075 1031 2109 illae

233 2128 443 2173 Praecipites
461 2129 538 2162 alta
556 2128 670 2162 vitam
690 2128 757 2161 sub
776 2128 872 2161 nube
891 2128 1115 2171 relinquunt.

235 2182 419 2216 Praeterea
438 2193 505 2215 1100
520 2182 598 2226 jam
617 2181 753 2214 mutari
772 2181 906 2224 pabula
925 2182 1048 2224 refert,

236 2235 479 2279 Quaesitaeque
497 2238 631 2268 nocent
650 2236 745 2267 artes
765 2245 772 2267 :
801 2234 935 2267 cessere
955 2234 1129 2278 magistri,

235 2288 456 2331 Phillyrides
477 2288 623 2331 Chiron,
645 2286 989 2330 Amythaoniusque
1009 2287 1226 2331 Melampus.

237 2341 348 2374 Saevit
368 2344 405 2375 et
423 2342 463 2374 'm
481 2341 599 2374 lucem
619 2340 754 2384 Stygiis
774 2340 902 2373 emissa
921 2341 1080 2374 tenebris

237 2392 380 2428 Pallida
398 2394 604 2439 Tisiphone,
626 2393 769 2428 morbos
788 2393 863 2437 agit
881 2396 966 2426 ante
986 2396 1210 2438 metumque,

1406 1753 1448 1775 §.a
