1559 2584
133 119 187 157 28

567 129 754 157 VIRGILII
784 129 1004 158 GEORGICA
1011 153 1017 159 .

240 215 386 251 Semina
399 216 477 251 vidi
496 217 665 261 equidem
684 217 820 250 multos
838 217 1017 251 medicare
1037 220 1210 261 serentes,

239 270 289 304 Et
308 270 406 304 nitro
423 270 523 314 prius
543 273 580 304 et
598 270 703 314 nigra
722 270 939 313 perfundere
959 272 1106 304 amurca
1124 283 1133 312 3

239 323 421 357 Grandior
439 326 482 357 ut
500 324 614 357 scetus
633 322 773 367 siliquis
792 323 982 356 fallacibus
1002 326 1095 356 esset
1115 335 1122 358 :
1422 321 1458 342 ¹⁹⁵

238 376 301 419 Et,
324 376 490 420 quamvis
508 377 584 420 igni
603 376 746 420 exiguo,
768 379 960 420 properata
977 376 1178 412 maderent.

239 429 330 463 Vidi
348 430 442 463 lecta
461 429 525 463 diu
545 432 582 463 et
600 429 718 462 multo
737 431 899 472 spectata
917 429 1038 462 labore

238 482 465 526 Degenerare
483 485 619 525 tamen,
636 482 677 515 ni
690 481 744 515 vis
763 482 924 515 humana
942 481 1139 526 quotannis

239 535 406 569 Maxima
424 547 578 579 quaeque
597 547 709 569 manu
730 535 876 579 legeret.
938 534 996 568 Sic
1015 535 1137 568 omnia
1157 535 1243 568 fatis

240 587 286 621 In
305 588 410 632 pejus
428 600 545 631 ruere,
567 600 608 622 ac
627 591 724 622 retro
744 588 912 632 sublapsa
930 587 1053 621 referri
1072 600 1078 622 :

240 641 279 675 N
282 653 329 675 on
349 641 465 684 aliter,
489 653 599 685 quam
618 642 682 685 qui
701 642 852 675 adverso
871 641 934 675 vix
952 640 1101 675 flumine
1121 640 1286 674 lembum

248 693 426 738 Remigiis
445 695 592 739 subigit,
615 695 645 728 si
663 695 810 729 brachia
827 695 922 728 forte
940 694 1092 737 remisit,

242 748 368 792 Atque
388 748 493 781 illum
513 748 550 781 in
570 759 729 792 praeceps
748 759 862 792 prono
880 748 977 791 rapit
996 747 1120 780 alveus
1139 746 1248 782 amni„

295 801 478 834 Praeterea
496 803 572 834 tam
588 804 674 834 sunt
694 801 842 835 Arcturi
862 801 979 834 sidera
996 800 1115 843 nobis,

241 853 517 897 Haedorumque
537 854 614 887 dies
629 854 809 897 servandi,
831 857 869 888 et
888 853 1030 887 lucidus
1049 852 1190 896 Anguis
1210 865 1219 894 ;
1418 851 1460 872 ²⁰⁵

243 906 362 948 Quam
381 907 514 950 quibus
533 907 572 940 111
590 908 746 951 patriam
765 910 917 941 ventosa
935 919 1000 951 per
1019 918 1167 950 aequora
1189 906 1300 940 vectis

242 959 398 1003 Pontus,
421 963 458 994 et
478 960 637 995 ostriferi
655 961 777 994 fauces
795 963 988 994 tentantur
1003 959 1135 1003 Abydi.

244 1012 355 1047 Libra
374 1013 433 1047 die
453 1014 643 1057 somnique
662 1025 766 1058 pares
784 1013 849 1047 ubi
867 1013 993 1047 fecerit
1011 1013 1130 1054 horas,

243 1065 293 1100 Et
312 1066 474 1100 medium
493 1067 567 1102 luci
586 1069 697 1111 atque
716 1067 855 1100 umbris
869 1067 947 1109 jam
967 1066 1100 1099 dividit
1119 1065 1244 1098 orbem
1265 1078 1274 1107 ;

242 1119 432 1163 Exercete,
454 1119 536 1162 viri,
553 1122 678 1153 tauros
698 1133 706 1162 ;
736 1120 844 1153 serite
863 1119 999 1153 hordea
1019 1119 1165 1163 eampis,
1421 1117 1462 1138 2¹⁰

244 1171 371 1216 Usque
391 1173 458 1206 sub
478 1175 685 1207 extremum
704 1173 844 1206 brumae
864 1172 1104 1206 intractabilis
1124 1171 1286 1206 imbrem.

244 1225 399 1259 Necnon
420 1228 456 1259 et
475 1225 542 1259 lini
561 1229 719 1270 segetem
739 1229 776 1259 et
796 1226 931 1259 cereale
950 1237 1107 1270 papaver

244 1279 402 1323 Tempus
420 1279 532 1312 humo
551 1282 673 1323 tegere
694 1292 701 1320 3
731 1281 768 1313 et
783 1279 1004 1323 jamdudum
1023 1277 1233 1313 incumbere.
1247 1280 1390 1323 aratris,

243 1332 344 1366 Dum
363 1332 455 1366 sicca
472 1332 603 1366 tellure
622 1332 719 1375 licet,
742 1332 830 1366 dum
849 1332 976 1365 nubila
993 1332 1163 1375 pendent.

244 1385 342 1419 Vere
360 1385 454 1419 fabis
473 1386 564 1419 satio
582 1398 590 1427 ;
619 1388 699 1419 tum
718 1388 755 1419 te
775 1397 932 1429 quoque,
956 1385 1112 1427 Medica,
1136 1389 1262 1429 putres
1422 1383 1463 1404 ‘³¹⁵

245 1438 445 1482 Accipiunt
465 1439 567 1481 sulci,
591 1441 628 1472 et
646 1439 748 1472 milio
767 1439 869 1472 venit
887 1450 1010 1472 annua
1029 1450 1125 1480 cura,

246 1492 434 1525 Candidus
452 1492 590 1525 auratis
609 1492 725 1535 aperit
745 1503 858 1536 quum
878 1492 1046 1525 cornibus
1066 1503 1203 1526 annum

245 1545 399 1588 Taurus,
422 1547 459 1578 et
479 1545 630 1580 adverso
650 1545 781 1578 cedens
802 1545 908 1578 Canis
928 1544 1061 1578 occidit
1081 1548 1187 1579 astro.

245 1599 298 1632 At
318 1598 348 1631 si
366 1598 547 1632 triticeam
567 1598 605 1631 in
624 1610 778 1631 messem
797 1599 1018 1642 robustaque
1038 1598 1134 1631 farra

245 1651 441 1687 Exercebis
460 1651 628 1694 humum,
647 1652 803 1695 solisque
823 1651 976 1685 instabis
996 1651 1115 1684 aristis
1134 1663 1144 1692 ;

245 1705 344 1739 Ante
364 1705 434 1738 tibi
452 1704 539 1738 an}
558 1705 769 1738 Atlantides
789 1704 1070 1746 abscondantur,

246 1758 475 1802 Gnossiaque
495 1758 658 1791 ardentis
677 1758 830 1791 decedat
849 1757 956 1791 stella
976 1757 1140 1799 Comuae,

245 1811 381 1845 Debita
400 1822 511 1855 quam
531 1811 640 1844 sulcis
660 1811 866 1845 committas
895 1811 1044 1853 semina,
1068 1821 1252 1854 quamque

247 1864 382 1898 Invitae
402 1876 571 1908 properes
590 1864 677 1898 anni
697 1876 797 1908 spem
817 1864 961 1898 credere
980 1866 1096 1897 terrae.

246 1918 361 1951 Multi
381 1920 467 1951 ante
487 1929 653 1951 occasum
672 1917 783 1951 Maiae
799 1917 939 1961 coepere
959 1930 967 1958 3
997 1916 1060 1950 sed
1079 1916 1162 1950 illos
1421 1913 1463 1934 ²⁹⁵

246 1971 449 2014 Expectata
468 1982 568 2014 seges
587 1970 690 2004 vanis
709 1970 818 2004 elusit
837 1970 966 2004 aristis.

247 2024 285 2057 Si
304 2035 389 2057 vero
408 2023 612 2067 viciamque
632 2035 726 2057 seres
745 2024 928 2067 vilemque
947 2023 1116 2065 faselum,

246 2077 283 2110 N
287 2088 326 2110 ec
346 2076 544 2110 Pelusiaeae
564 2088 687 2110 curam
706 2077 942 2121 aspernabere
962 2076 1072 2110 lentis
1092 2089 1100 2117 ;

245 2130 360 2163 Haud
380 2130 532 2163 obscura
551 2130 682 2163 cadens
702 2130 827 2163 mittet
845 2130 914 2163 tibi
934 2130 1035 2173 signa
1054 2129 1188 2163 Boou-s
1209 2141 1217 2169 ;

246 2183 385 2226 Incipe,
409 2185 446 2216 et
465 2183 512 2216 ad
531 2183 669 2216 medias
689 2186 888 2216 sementem
909 2182 1066 2216 extende
1086 2182 1243 2225 pruinas,
1423 2179 1464 2200 ²5¹¹

301 2236 444 2277 Idcirco
462 2237 569 2269 certis
589 2236 795 2270 dimensum
814 2236 978 2280 partibus
993 2236 1117 2268 orbem

248 2288 320 2322 Per
339 2289 509 2322 duodena
527 2289 620 2332 regit
639 2290 769 2322 mundi
790 2290 850 2323 Sol
870 2301 999 2322 aureus
1019 2290 1126 2322 astra.

249 2341 420 2385 Quinque
439 2345 570 2375 tenent
589 2342 721 2375 coelum
742 2354 842 2376 zonae
864 2355 870 2376 :
900 2353 1053 2385 quamn]
1074 2353 1147 2374 una
1166 2352 1312 2374 corusco

249 2393 399 2439 Semper
419 2395 501 2429 Sole
521 2395 668 2438 rubens,
691 2398 728 2429 et
748 2396 886 2429 torrida
905 2407 1044 2439 semper
1063 2395 1108 2428 ab
1125 2394 1221 2437 igni3
