1528 2569
664 130 796 156 LIBER
826 130 881 156 IV.

269 218 362 252 Haec
379 217 535 251 Proteus
552 230 559 252 :
588 220 625 251 et
644 230 681 252 se
704 218 809 262 jactu
827 217 930 252 dedit
949 228 1074 262 aequor
1091 216 1130 251 in
1144 217 1260 251 altum
1278 230 1287 258 ;

217 270 370 314 Quaque
390 271 504 314 dedit,
526 274 758 315 spumantem
776 271 912 305 undam
934 271 1001 304 sub
1020 271 1154 304 vertice
1172 270 1289 304 torsit.

215 324 268 357 At
286 335 360 357 non
381 323 520 367 Cyrene
537 337 544 358 :
574 336 731 368 namque
750 324 847 357 ultro
867 324 978 357 affata
995 324 1188 357 timentem
1205 336 1267 355 :—

220 378 245 395 “
258 377 368 420 Nate,
390 377 475 410 licet
493 377 616 410 tristes
635 378 755 411 animo
774 377 953 421 deponere
971 388 1074 410 curas
1094 389 1101 410 z

219 429 310 463 Haec
329 430 446 463 omnis
465 430 581 463 morbi
601 441 707 464 causa
726 443 734 471 3
762 430 847 463 hinc
866 429 1068 463 miserabile
1088 429 1126 462 Ν
1127 429 1286 473 γωΓΙῑεῑ·,

216 483 309 516 Cum
329 483 461 526 quibus
479 483 542 517 illa
561 483 686 516 choros
705 483 795 517 lucis
813 483 973 527 agitabat
992 482 1031 516 in
1049 482 1145 526 altis,

215 536 380 569 Exitium
398 536 526 569 misere
545 536 682 580 apibus.
743 536 798 569 Tu
816 547 967 569 munera
985 536 1139 579 supplex

214 588 337 623 Tende
356 592 483 633 petens
500 601 636 633 pacem,
659 592 695 622 et
709 589 831 623 faciles
849 600 1019 622 venerare
1038 589 1075 621 N
1078 599 1194 632 apaeas
1212 597 1219 622 ε

215 642 386 686 Namque
405 642 547 676 dabunt
566 642 710 675 veniam
725 642 832 684 votis,
854 642 996 684 irasque
1015 642 1212 675 remittent.

215 695 299 738 Sed,
322 695 451 728 modus
470 695 595 728 orandi
615 695 679 738 qui
698 695 757 737 sit,
779 695 878 738 prius
897 694 1023 727 ordine
1042 694 1169 728 dicam.

215 747 381 789 Quatuor
394 748 544 781 eximios
557 748 745 791 praestanti
764 758 910 791 corpore
929 749 1064 790 tauros,

215 800 288 842 Qui
305 801 375 834 tibi
392 812 490 834 nunc
508 800 634 834 viridis
652 801 851 844 depascunt
870 811 1012 833 summa
1030 799 1163 843 Lycaei,

214 854 341 897 Delige
362 867 369 895 ;
399 857 436 887 et
455 854 594 887 intacta
612 853 766 887 totidem
786 853 923 887 cervice
946 853 1131 896 juvencas.

215 907 381 948 Quatuor
398 906 454 940 his
473 918 552 940 aras
571 907 646 940 alta
664 907 711 940 ad
730 906 880 940 delubra
899 906 1059 940 Dearum

215 960 417 1002 Constitue,
440 963 476 993 et
496 971 636 993 sacrum
659 959 799 1004 jugulis
818 960 970 993 demitte
989 970 1163 1001 cruorem,

215 1013 444 1057 Corporaque
463 1013 540 1056 ipsa
558 1013 670 1046 boum
688 1013 858 1046 frondoso
876 1013 999 1046 desere
1017 1012 1108 1046 luco.

216 1066 318 1109 Post,
340 1067 404 1100 ubi
422 1078 518 1100 nona
536 1078 618 1100 suos
638 1066 781 1099 Aurora
799 1066 997 1099 ostenderit
1016 1068 1132 1110 ortus,

217 1120 371 1153 Inferias
390 1120 537 1163 Orphei,
560 1119 709 1153 Lethaea
726 1131 916 1163 papavera,
938 1119 1074 1161 mittes,

217 1173 403 1206 Placatam
422 1173 630 1216 Eurydicen
649 1173 768 1206 vitula
783 1172 1000 1206 venerabere
1022 1173 1124 1215 caesa,

217 1226 267 1259 Et
285 1227 425 1269 nigram
444 1226 619 1259 mactabis
633 1237 749 1268 ovem,
772 1226 967 1269 lucumque
986 1225 1128 1258 revises.
1136 1223 1155 1240 ⁷²

272 1279 384 1312 Haud
403 1290 504 1312 mora
522 1292 528 1313 z
558 1278 731 1312 continuo
745 1278 871 1311 matris
889 1280 1070 1322 praecepta
1089 1277 1232 1311 facessit
1247 1288 1257 1318 3

218 1332 278 1366 Ad
298 1332 448 1366 delubra
466 1332 568 1365 venit
588 1344 595 1366 ε
624 1334 843 1365 monstratas
862 1332 998 1365 excitat
1018 1342 1096 1364 aras
1115 1343 1122 1371 ;

219 1384 384 1426 Quatuor
398 1385 548 1418 eximios
566 1385 755 1428 praestanti
775 1396 919 1428 corpore
938 1387 1062 1417 tauros

217 1438 330 1472 Ducit
347 1452 355 1480 ;
383 1440 421 1471 et
442 1438 581 1471 intacta
599 1438 755 1471 totidem
774 1437 909 1470 cervice
924 1437 1109 1481 juvencas.

218 1492 319 1534 Post,
340 1491 405 1525 ubi
423 1503 519 1525 nona
537 1503 620 1524 suos
639 1491 782 1524 Aurora
800 1491 994 1523 induxerat
1014 1493 1127 1533 ortus,

218 1545 372 1578 Inferias
391 1544 526 1588 Orphei
545 1544 673 1586 mittit,
692 1544 887 1587 lucumque
905 1543 1039 1577 revisit.

217 1597 291 1631 Hic
309 1609 395 1631 vero
413 1598 589 1640 subitum,
612 1609 652 1630 ac
672 1597 773 1630 dictu
792 1597 955 1630 mirabile
974 1599 1179 1630 monstrum

218 1651 412 1695 Aspiciunt
430 1664 438 1692 ;
466 1651 662 1694 liquefacta
680 1650 791 1683 boum
810 1662 874 1694 per
892 1650 1028 1683 viscera
1046 1651 1125 1682 toto

218 1704 377 1738 Stridere
397 1716 481 1748 apes
500 1706 616 1746 utero,
639 1705 676 1736 et
695 1704 811 1747 ruptis
831 1704 1001 1737 effervere
1021 1702 1140 1744 costis,

218 1757 492 1801 Immensasque
511 1757 608 1790 trahi
627 1757 742 1790 nubes
761 1770 768 1798 3
793 1757 944 1800 jamque
963 1756 1090 1790 arbore
1111 1757 1252 1788 summa

218 1810 419 1854 Confluere,
444 1812 481 1844 et
500 1810 609 1843 lentis
628 1821 738 1843 uvam
754 1810 946 1843 demittere
965 1809 1083 1843 ramis.

272 1916 364 1950 Haec
384 1928 491 1960 super
509 1927 679 1950 arvorum
699 1916 800 1949 cultu
819 1927 1061 1960 pecorumque
1082 1914 1265 1957 canebam,

220 1969 270 2003 Et
290 1980 397 2013 super
417 1969 605 2003 arboribus
626 1982 633 2003 :
663 1969 783 2002 Caesar
802 1969 890 2002 duni
902 1980 1056 2012 magnus
1076 1968 1120 2001 ad
1142 1968 1257 2000 altuni

220 2023 409 2056 Fulminat
429 2023 641 2066 Euphraten
661 2022 768 2065 bello,
791 2023 980 2065 victorque
1000 2021 1163 2055 volentes

220 2076 292 2109 Per
310 2076 463 2120 populos
483 2075 547 2109 dat
562 2075 660 2119 jura,
683 2075 852 2119 viamque
872 2076 1018 2108 affectat
1038 2074 1203 2117 Olympo.

220 2129 291 2162 Illo
311 2129 509 2172 Virgilium
528 2140 586 2161 me
605 2131 767 2172 tempore
786 2128 902 2161 dulcis
921 2128 1041 2161 alebat

221 2181 464 2226 Parthenope,
487 2181 617 2215 studiis
636 2181 827 2215 florentem
845 2181 1013 2224 ignobilis
1027 2182 1080 2214 oti
1098 2193 1106 2221 ;

221 2235 390 2269 Carmina
410 2235 473 2279 qui
492 2235 563 2268 lusi
581 2236 780 2278 pastorum,
803 2235 994 2278 audaxque
1018 2233 1186 2277 juventa,

221 2287 358 2332 Tityre,
380 2290 417 2322 te
436 2288 572 2333 patulae
591 2287 704 2321 cecini
723 2288 789 2321 sub
807 2287 967 2331 tegmine
986 2287 1068 2330 fagi.

1407 121 1430 157 εἰ

1389 321 1432 340 sau

1390 584 1433 603 535

1391 848 1436 868 ⁵40

1395 1377 1436 1398 sse

1396 1644 1438 1665 555

1399 1964 1440 1983 5ιῦὶο

1400 2228 1439 2248 ῦΡΕ
