1559 2584
138 106 191 143 72

613 115 804 143 VIRGILII
831 115 987 144 AENEIS.

251 205 277 223 “
292 204 425 238 Dulces
445 202 599 246 exuviae,
622 203 712 238 dum
730 203 807 238 fata
826 204 999 248 Deusque
1019 203 1201 249 sinebant,

246 258 411 302 Accipite
430 257 524 290 hanc
543 256 713 300 animam,
735 269 866 301 meque
885 257 942 291 his
961 257 1137 292 exsolvite
1157 258 1260 294 oum.

245 310 335 344 Vixi
355 323 363 352 ;
392 312 441 353 et,
465 321 574 354 quem
593 310 742 344 dederat
762 322 908 344 cursum
926 310 1086 355 fortuna,
1107 312 1229 356 peregi
1244 325 1255 355 5

244 364 292 397 Et
310 375 409 397 nunc
427 375 559 407 magna
576 364 648 397 mei
667 364 735 397 sub
753 366 868 397 terras
887 364 956 397 ibit
974 364 1101 408 imago.

245 417 383 451 Urbem
402 417 613 461 praeclaram
632 417 745 451 statui
763 430 769 452 :
797 429 878 451 mea
897 417 1032 451 moenia
1051 418 1127 452 vidi
1144 431 1152 454 :

244 470 334 503 Ulta
351 470 483 513 virum,
505 481 631 514 poenas
649 470 797 505 inimico
816 483 838 504 a
855 470 967 504 fratre
985 471 1103 515 recepi
1120 484 1128 506 z

241 523 357 566 Felix,
379 523 452 557 heu
471 523 627 556 nimium
646 523 733 557 felix
752 526 758 558 ἒ
789 523 819 557 si
836 524 962 557 littora
979 526 1127 558 tautum

241 576 445 621 Nunquam
465 576 661 610 Dardaniae
679 576 886 620 tetigissent
906 579 1031 611 nostra
1050 577 1190 612 carinae.
1198 577 1220 595 ’'

241 630 347 664 Dixit
365 643 373 672 3
402 633 451 673 et,
475 641 514 664 os
532 630 705 673 impressa
723 632 817 673 toro,
843 631 868 648 “
885 629 1086 664 Moriemur
1104 631 1234 665 inultae
1252 643 1260 666 ς

243 683 314 718 Sed
334 683 531 717 moriamur
548 685 554 717 !
571 683 592 700 ''
614 683 665 717 ait
682 697 690 725 ;
713 685 738 702 ‘⁶
755 684 816 727 sic,
839 684 889 717 sic
903 683 1012 727 juvat
1031 684 1082 717 ire
1102 684 1170 718 sub
1188 684 1346 720 umbras.

242 736 402 770 Hauriat
420 737 519 770 hunc
538 737 651 770 oculis
670 737 792 781 ignem
812 737 968 770 crudelis
987 737 1032 770 ab
1052 737 1127 771 alto

240 790 447 833 Dardanus,
469 792 507 824 et
525 793 660 824 nostrae
679 802 801 824 secum
820 791 914 824 ferat
933 790 1055 824 omina
1073 790 1209 826 mortis.
1217 790 1237 808 ''

240 843 394 877 Dixerat
415 856 422 878 ε
451 846 563 887 atque
582 844 683 877 illam
701 843 822 878 media
840 844 937 877 inter
954 843 1042 877 talia
1061 844 1157 878 ferro

242 897 447 941 Collapsam
465 897 646 941 aspiciunt
666 897 828 940 comites,
852 908 1047 940 ensemque
1067 908 1192 931 cruore

242 950 493 994 Spumantem,
517 962 730 994 sparsasque
749 962 888 984 manus.
950 950 988 983 It
1007 950 1141 984 clamor
1160 951 1205 984 ad
1226 951 1301 985 alta

240 1003 356 1046 Atria,
381 1015 590 1037 concussam
608 1003 806 1037 bacchatur
825 1004 922 1036 fama
942 1014 1005 1047 per
1023 1003 1159 1038 urbem.

240 1056 427 1090 Lamentis
444 1057 656 1100 gemituque
675 1059 712 1090 et
730 1056 903 1090 foemineo
922 1057 1066 1090 ululatu

240 1110 350 1143 Tecta
370 1110 533 1143 fremunt
553 1123 561 1151 ;
589 1112 736 1143 resonat
755 1109 896 1154 magnis
916 1109 1152 1153 plangoribus
1173 1110 1288 1144 aether
1305 1123 1312 1146 ε

241 1163 279 1197 N
282 1175 328 1196 on
348 1163 457 1196 aliter
476 1174 586 1207 quam
606 1163 636 1196 si
655 1163 824 1196 immissis
843 1167 928 1196 ruat
947 1163 1114 1196 hostibus
1134 1163 1250 1197 omnis

240 1216 434 1260 Carthago,
456 1219 520 1250 aut
541 1216 694 1260 antiqua
714 1217 827 1260 Tyros
848 1229 855 1257 ;
885 1216 1114 1260 fiammaeque
1132 1216 1297 1250 furentes

240 1269 409 1303 Culmina
428 1281 564 1314 perque
584 1270 774 1303 hominum
793 1269 993 1304 volvantur
1011 1281 1147 1314 perque
1167 1269 1337 1304 Deorimr

293 1323 424 1356 Audiit
443 1323 633 1366 exanimis,
655 1323 874 1367 trepidoque
893 1322 1066 1356 exterrita
1086 1334 1205 1366 cursu,

241 1375 436 1420 Unguibus
456 1388 518 1410 ora
537 1388 636 1410 soror
654 1377 798 1410 foedans
818 1379 855 1410 et
873 1378 1020 1420 pectora
1038 1376 1182 1420 pugnis,

240 1429 312 1463 Per
331 1430 468 1463 medios
487 1430 574 1473 ruit,
597 1441 639 1463 ac
658 1430 874 1463 morientem
894 1429 1040 1463 nomine
1061 1430 1194 1463 clamat
1214 1441 1221 1464 :

243 1482 360 1516 “Hoc
379 1483 483 1526 illud,
506 1495 689 1527 germana,
711 1483 784 1517 fuit
802 1483 814 1517 2
841 1494 899 1516 me
918 1482 1046 1516 fraude
1065 1482 1241 1526 petebas?

239 1535 323 1570 Hoc
340 1547 449 1580 rogus
468 1536 536 1569 iste
555 1537 657 1579 mihi,
680 1536 748 1570 hoc
766 1536 868 1580 ignes
886 1547 1030 1580 araeque
1048 1535 1253 1579 parabant?

239 1589 337 1630 Quid
356 1590 516 1633 primum
535 1589 679 1623 deserta
698 1589 855 1634 querar?
883 1589 1099 1622 comitemne
1120 1600 1278 1623 sororem

239 1642 416 1687 Sprevisti
434 1643 617 1677 moriens?
644 1643 771 1676 eadem
790 1654 848 1676 me
868 1638 1010 1676 adfata
1029 1644 1194 1676 vocasses
1215 1655 1222 1676 :

239 1695 343 1729 Idem
364 1696 488 1730 ambas
508 1697 602 1730 ferro
622 1696 737 1739 dolor,
760 1699 871 1740 atque
891 1695 1018 1729 eadem
1037 1695 1126 1729 hora
1144 1696 1299 1729 tulisset.

238 1748 311 1783 His
330 1750 441 1783 etiam
460 1749 579 1783 struxi
597 1750 777 1792 manibus,
799 1749 1008 1793 patriosque
1028 1749 1155 1782 vocavi

237 1802 338 1836 Voce
358 1803 467 1846 Deos,
490 1803 540 1836 sic
559 1805 596 1836 te
616 1805 659 1836 ut
677 1803 797 1847 posita
817 1802 973 1836 crudelis
992 1801 1153 1839 abessem
1170 1801 1182 1835 2

236 1856 429 1890 Exstinxti
448 1868 505 1889 me
524 1859 649 1900 teque,
672 1867 783 1899 soror,
806 1856 1067 1900 populumque,
1089 1857 1284 1898 patresque

237 1909 416 1953 Sidonios,
438 1909 638 1954 urbemque
657 1912 770 1943 tuam.
831 1909 937 1952 Date,
960 1908 1112 1942 vulnera
1130 1908 1289 1952 lymphis

235 1963 397 1996 Abluam
417 1976 424 2004 ;
453 1966 503 2006 et,
526 1966 711 1996 extremus
731 1963 761 1996 si
781 1963 862 2007 quis
881 1973 990 2006 super
1008 1961 1144 1995 halitus
1163 1963 1271 2006 errat,

236 2016 307 2050 Ore
326 2016 483 2060 legam.⁷'
539 2016 596 2050 Sic
616 2017 704 2060 fata,
726 2016 861 2060 gradus
880 2017 1044 2049 evaserat
1064 2015 1168 2054 altos,

236 2069 564 2114 Semianimemque
584 2070 666 2103 sinu
686 2081 894 2113 germanam
913 2068 1081 2112 amplexa
1099 2064 1246 2101 fovebat

236 2122 329 2156 Cum
347 2123 498 2167 gemitu,
521 2126 632 2166 atque
651 2126 749 2156 atros
769 2123 926 2156 siccabat
947 2123 1046 2155 veste
1066 2131 1219 2154 cruores„

234 2175 316 2219 Illa,
339 2188 466 2219 graves
486 2177 610 2210 oculos
630 2179 760 2210 conata
779 2176 958 2218 attollere,
980 2185 1106 2208 rursus

233 2228 366 2263 Deficit
385 2242 391 2263 :
419 2229 572 2263 infixum
595 2230 718 2264 stridit
737 2229 805 2263 sub
824 2231 968 2273 pectore
988 2227 1132 2261 vulnus.

233 2281 303 2316 Ter
322 2294 397 2316 sese
417 2283 604 2326 attollens,
628 2283 824 2327 cubitoque
843 2281 982 2323 innixa,
1005 2279 1143 2314 levavit
1162 2292 1170 2321 ;

234 2335 303 2369 Ter
320 2335 488 2369 revoluta
506 2339 588 2370 toro
608 2339 663 2370 est
680 2349 688 2378 ;
717 2336 903 2379 oculisque
923 2333 1129 2368 errantibus
1149 2332 1224 2367 alto

234 2388 412 2430 Quaesivit
431 2389 521 2424 coelo
540 2389 671 2433 lucem,
693 2388 945 2433 ingemuitque
965 2388 1118 2431 reporta.

1413 417 1455 437 655

1411 683 1453 705 6¹³0

1410 949 1451 970 665

1409 1215 1451 1239 (370

1407 1746 1450 1767 680

1408 2012 1449 2033 685

1405 2276 1448 2298 690
