1528 2569
617 88 752 117 LIBER
781 87 841 115 xx.
1312 75 1394 112 203

187 177 345 213 Centum
362 177 523 211 oratores
539 176 658 220 prima
676 175 722 210 de
739 176 848 219 gente
866 171 1018 207 Latinos

187 232 246 265 Ire
263 231 393 275 placet,
414 229 584 273 pacisque
602 240 714 262 manu
732 226 957 271 praetendere
975 235 1094 258 ramos
1107 236 1117 266 ;

188 284 346 317 Munera
363 284 551 326 portantes
569 281 720 324 aurique
738 279 928 322 eborisque
945 278 1099 320 talenta,

187 336 238 370 Et
256 335 381 368 sellam
398 334 501 378 regni
518 334 754 376 trabeamque
772 331 928 375 insignia
946 329 1070 364 nostri.

188 387 374 422 Consulite
392 387 432 421 in
449 386 624 429 medium,
646 388 683 419 et
700 385 808 418 rebus
827 383 1025 418 succurrite
1043 380 1183 415 fessis.'’

242 441 336 473 Tum
354 440 514 473 Drances
530 438 628 472 idem
645 437 822 480 infensus,
846 436 970 480 (quem
986 434 1100 479 gloria
1119 433 1234 468 Turni

190 492 349 536 Obliqua
365 491 506 525 invidia
523 490 752 533 stimulisque
771 489 932 532 agitabat
951 487 1102 528 amaris3

189 545 328 589 Largus
347 556 469 588 opum,
492 546 529 577 et
546 540 672 586 lingua
689 542 829 584 melior,
852 541 916 575 sed
934 540 1066 584 frigida
1084 538 1180 572 bello

191 598 365 640 Dextera,
388 596 545 630 consiliis
562 596 710 629 habitus
729 606 804 628 non
821 593 939 627 futilis
958 595 1098 634 auctor,

193 650 379 684 Seditione
397 651 545 693 potens3
578 659 687 692 genas
704 647 790 680 huic
807 648 973 680 materno
992 644 1189 688 superbum

193 702 377 736 Nobilitas
396 701 519 744 dabat,
540 701 722 734 incertum
740 700 785 732 de
804 702 906 742 patre
924 697 1098 741 ferebat);

196 753 332 798 Surgit,
355 757 392 787 et
410 753 467 786 his
486 755 612 786 onerat
631 752 750 795 dictis,
772 753 883 795 atque
902 752 1048 794 aggerat
1066 749 1157 783 iras:

196 808 222 825 “
235 807 329 840 Rem
348 806 442 839 nulli
460 806 661 847 obscuram,
683 807 818 838 nostrae
836 815 902 836 nec
920 802 1018 836 vocis
1037 804 1217 845 egentem,

194 859 372 901 0011511113,
395 870 416 891 o
434 858 529 891 bone
547 869 630 891 rex:
660 856 782 890 cuncti
801 867 837 889 se
856 855 945 889 scire
963 855 1142 896 fatentur,

195 911 292 952 Quid
312 912 459 944 fortuna
476 911 571 943 ferat
588 909 732 953 populi;
761 909 826 942 sed
843 908 961 941 dicere
979 908 1155 940 mussant.
1362 902 1403 923 ³⁴⁵

194 964 269 997 Det
287 964 495 997 libertatem
513 962 628 1005 fandi,
651 962 832 1004 flatusque
851 960 1026 1003 remittat,

197 1016 312 1060 Cujus
331 1016 376 1049 ob
395 1015 597 1059 auspicium
615 1014 819 1050 infaustum
836 1024 1026 1056 moresque
1045 1011 1211 1045 sinistros

199 1069 342 1113 (Dicam
360 1068 542 1112 equidem,
563 1068 648 1101 licet
667 1078 766 1100 arma
783 1066 874 1099 mihi
892 1068 1121 1108 mortemque
1139 1063 1315 1108 minetur)

197 1121 354 1154 Lumina
371 1123 428 1154 tot
447 1120 615 1154 cecidisse
633 1119 781 1162 dueum,
801 1121 992 1161 totamque
1009 1117 1176 1151 videmus

198 1173 409 1207 Consedisse
426 1173 555 1207 urbem
573 1173 676 1206 luctu
685 1185 694 1213 3
724 1172 813 1204 dum
832 1171 938 1204 Troia
956 1172 1078 1204 tentat
1366 1165 1408 1185 ³⁵⁰

199 1226 336 1269 Castra,
357 1226 453 1269 fugae
471 1225 597 1268 fidens,
621 1227 658 1262 et
677 1224 809 1258 coelum
827 1223 972 1256 territat
991 1223 1108 1256 armis.

199 1278 325 1312 Unum
344 1279 455 1312 etiam
474 1278 578 1312 donis
596 1277 687 1320 istis,
709 1288 792 1320 quae
810 1276 967 1320 plurima
984 1275 1085 1308 mitti

198 1331 422 1365 Dardanidis
440 1331 584 1374 dicique
600 1330 720 1374 jubes,
742 1340 871 1372 unum,
893 1328 1029 1372 optime
1047 1339 1186 1371 regum,

200 1383 384 1427 Adjicias;
413 1395 478 1417 nec
496 1385 533 1416 te
552 1383 664 1416 ullius
683 1381 858 1416 violentia
875 1381 1012 1423 vincat,

201 1435 299 1476 Quin
317 1438 443 1469 natam
462 1435 604 1479 egregio
622 1445 754 1478 genero
773 1434 965 1477 dignisque
982 1432 1183 1476 hymenaeis
1369 1427 1411 1448 ³⁵⁵

200 1487 274 1522 Des
293 1491 408 1532 pater,
430 1491 466 1521 et
484 1499 610 1531 pacem
627 1488 721 1521 hanc
739 1489 876 1520 aeterno
895 1486 1032 1519 foedere
1047 1486 1191 1530 jungas.

201 1540 309 1581 Quod
329 1541 359 1574 si
378 1543 506 1574 tantus
524 1540 635 1574 habet
654 1541 794 1573 mentes
813 1541 850 1572 et
868 1541 1014 1583 pectora
1033 1541 1162 1581 terror,

201 1592 328 1636 Ipsum
348 1593 584 1636 obtestemur,
606 1592 822 1635 veniamque
842 1603 985 1625 oremus
1004 1591 1050 1624 ab
1068 1591 1171 1635 ipso3

203 1645 330 1688 Cedat,
349 1645 411 1689 jus
429 1646 616 1689 proprium
633 1645 708 1688 regi
727 1644 928 1688 patriaeque
946 1644 1122 1677 remittat.

204 1697 302 1738 Quid
321 1698 470 1731 miseros
488 1697 597 1731 toties
616 1697 654 1730 in
673 1700 799 1740 aperta
817 1697 978 1740 pericula
997 1696 1093 1730 cives
1372 1691 1416 1712 ³⁶⁰

204 1749 370 1794 Projicis,
393 1761 415 1784 o
434 1750 539 1784 Latio
559 1752 668 1794 caput
687 1750 817 1783 horum
837 1752 873 1782 et
893 1760 1000 1782 causa
1014 1748 1219 1782 malorum}

205 1802 321 1836 Nulla
340 1802 437 1836 salus
454 1802 569 1836 bello:
598 1813 722 1845 pacem
740 1804 777 1835 tc
796 1801 976 1845 poscimus
995 1799 1132 1844 oiimes,

205 1854 339 1897 Turne,
362 1854 470 1888 simul
489 1854 586 1899 pacis
606 1854 723 1888 solum
742 1853 949 1888 inviolabile
968 1853 1108 1898 pignus.

206 1906 353 1940 Primus
373 1917 448 1951 ego,
472 1906 632 1941 invisum
651 1917 760 1950 quem
778 1908 822 1941 tu
841 1906 911 1941 tibi
929 1905 1046 1950 fingis,
1068 1909 1107 1940 et
1126 1917 1202 1940 esse

206 1958 274 1993 Nil
292 1968 439 2001 moror}
468 1970 527 2005 en,
547 1959 701 2005 supplex
720 1959 827 1994 venio
844 1968 851 1993 z
880 1957 1048 1995 miserere
1066 1960 1227 2001 tuorum,
1375 1953 1418 1976 ³⁶⁵

204 2011 306 2046 Pone
324 2010 476 2055 animos,
496 2012 536 2046 et
553 2012 679 2059 pulsus
696 2009 775 2047 abi:
805 2012 862 2045 sat
878 2010 1009 2047 funera
1024 2009 1098 2045 hisi

206 2062 390 2108 Vidimus,
409 2064 577 2108 ingentes
594 2065 634 2099 et
649 2063 894 2099 desolavimus
911 2073 1026 2108 agros,

205 2116 295 2159 Aut,
317 2115 350 2166 si
366 2115 464 2152 fama
482 2117 619 2159 movet,
638 2112 670 2150 si
689 2117 834 2151 mutum
853 2118 997 2162 paetum
1016 2111 1127 2150 robur

206 2166 385 2212 Ooncspis,
408 2169 446 2202 et
463 2164 494 2203 si
513 2167 604 2203 adeo
622 2166 753 2203 dotalis
772 2169 869 2212 regia
887 2168 988 2203 conli
1006 2169 1074 2211 est,

205 2219 326 2263 Aude,
347 2223 459 2265 atque
478 2220 670 2255 adversum
689 2219 804 2254 fidens
822 2221 877 2255 fer
894 2221 1021 2265 pectus
1039 2219 1078 2255 in
1096 2220 1247 2256 hostem.
1375 2217 1417 2241 ³⁷⁰

207 2271 363 2316 Scilicet,
384 2276 428 2307 ut
447 2273 570 2307 Turno
589 2272 775 2317 contingat
794 2272 890 2318 regia
908 2272 1058 2318 conjux,

205 2323 244 2358 N
246 2335 297 2368 oe,
320 2326 450 2360 animae
468 2326 570 2361 viles.
592 2326 784 2360 inhumata
797 2324 994 2370 infletaque
1012 2326 1134 2370 turba,

1355 376 1397 398 ³35

1358 638 1399 659 310
