1559 2584
152 64 205 104 26

625 73 813 102 VIRGILII
842 72 998 102 AENEIS.

259 161 309 194 Et
329 159 532 204 Menelaus,
555 163 592 194 et
610 160 687 204 ipse
706 161 782 194 doli
799 161 994 195 fabricator
1012 162 1140 206 Epeos.
1230 176 1251 185 κ

258 213 451 247 Invadunt
469 213 602 252 urbem⁴
616 224 743 247 somno
761 213 920 258 vinoque
938 215 1119 258 sepultam
1135 227 1144 250 z

260 266 465 300 Caeduntur
483 265 610 309 vigiles
630 278 638 307 ;
667 266 854 309 portis-que
872 266 1084 310 patentibus
1103 278 1228 302 omnes

258 318 456 362 Accipiunt
475 319 601 361 socios,
622 320 734 362 atque
753 319 898 361 agmina
917 319 1057 353 conscia
1071 319 1244 364 jungunt.

313 371 470 415 Tempus
489 373 578 413 erat,
601 382 673 414 quo
692 371 808 415 prima
827 371 930 415 quies
948 372 1162 406 mortalibus
1180 373 1285 416 aegris

259 423 410 468 Incipit,
431 426 470 457 et
488 423 584 457 (leno
604 423 740 458 Divum
759 424 963 468 gratissima
981 424 1100 468 serpit.

259 477 307 510 In
326 476 473 520 somnis,
496 487 589 520 ecce,
611 480 696 510 ante
715 477 837 511 oculos
855 477 1108 511 moestissimus
1127 477 1267 512 Hector

260 528 373 563 Visus
391 529 515 564 adesse
533 529 636 572 mihi,
659 529 848 574 largosque
869 530 1052 564 effundere
1070 530 1178 564 fletus
1194 543 1204 572 ;

259 581 445 625 Raptatus
463 582 567 626 bigis,
589 585 631 616 ut
651 583 848 626 quondam,
870 586 1021 627 aterque
1041 588 1192 617 cruento

259 634 430 678 Pulvere,
451 646 587 679 perque
606 635 716 679 pedes
735 636 910 680 trajectus
929 636 1006 669 lora
1023 638 1218 670 tumentes.

261 687 335 720 Hei
353 687 456 731 mihi,
479 688 596 732 qualis
615 691 692 722 erat
709 690 715 722 !
745 691 925 733 quantum
944 690 1109 722 mutatus
1128 688 1174 722 ab
1192 688 1256 723 illo

259 739 432 783 Hectore,
455 741 519 784 qui
537 741 632 774 redit
651 742 801 775 exuvias
819 742 972 775 indutus
992 741 1157 784 Achillis,

259 792 331 826 Vel
349 793 519 827 Danaum
539 794 716 838 Phrygios
730 795 913 838 jaculatus
932 794 1114 838 puppibus
1131 794 1256 838 ignes!

260 845 496 889 squalentem
515 847 676 890 barbam,
699 850 735 880 et
754 850 939 881 concretos
958 847 1132 890 sanguine
1151 848 1279 890 crines,

258 897 494 942 Vulneraque
513 899 575 932 illa
594 911 733 943 gerens,
757 911 839 943 quae
859 900 993 933 circum
1013 899 1167 943 plurima
1185 911 1308 934 muros

262 951 410 994 Accepit
429 952 573 995 patrios.
635 951 742 986 Ultro
761 952 851 985 flens
870 952 945 996 ipse
959 952 1110 986 videbar

259 1003 484 1047 Compellare
503 1004 634 1047 vitum,
657 1008 694 1038 et
713 1007 861 1038 moestas
880 1016 1092 1048 expromere
1110 1015 1217 1039 voces
1235 1017 1242 1040 z

262 1056 287 1074 “
305 1055 336 1089 O
355 1056 419 1090 lux
439 1056 635 1091 Dardaniae
653 1059 660 1091 !
691 1069 772 1101 spes
791 1069 812 1091 o
831 1057 1004 1091 fidissima
1023 1057 1201 1092 Teucrum
1222 1060 1228 1091 Ξ

259 1108 351 1149 Quae
369 1111 483 1143 tantae
502 1110 652 1144 tenuere
671 1122 781 1144 morae
798 1110 810 1144 ’.ἱ
839 1110 970 1153 quibus
990 1110 1130 1144 Hector
1147 1110 1193 1144 ab
1213 1110 1284 1144 oris

258 1161 478 1205 Exspectate
496 1163 623 1196 venis?
651 1166 693 1197 ut
712 1166 749 1196 te
767 1167 849 1207 post
868 1163 984 1196 multa
1002 1165 1151 1196 tuorum

257 1213 414 1258 Funera,
437 1218 519 1259 post
539 1216 656 1249 varios
675 1216 938 1260 hominumque
958 1216 1129 1260 urbisque
1148 1216 1301 1258 labores,

258 1266 403 1301 Defessi
421 1268 615 1311 aspicimus
632 1269 644 1302 ’ἔ
672 1280 756 1312 quae
775 1281 881 1302 causa
899 1269 1050 1312 indigna
1069 1280 1213 1302 serenos

257 1319 428 1353 Foedavit
449 1321 572 1354 vultus
589 1321 601 1355 2
629 1324 694 1355 aut
713 1333 777 1355 cur
795 1322 873 1355 haec
891 1322 1043 1355 vulnera
1062 1333 1168 1355 cerno
1183 1321 1195 1356 2
1209 1321 1229 1338 ''

257 1371 327 1406 Ille
345 1373 448 1416 nihil,
472 1385 538 1407 nec
557 1385 615 1408 me
634 1377 859 1418 quaerentem
877 1386 972 1408 vana
990 1376 1152 1408 moratur
1169 1387 1179 1416 3

260 1424 331 1458 Sed
350 1426 509 1469 graviter
527 1427 685 1470 gemitus
703 1427 777 1460 imo
796 1428 841 1461 de
860 1430 1003 1471 pectore
1023 1427 1158 1461 ducens
1177 1439 1184 1462 :

261 1478 287 1495 “
303 1477 389 1511 Heu
408 1478 505 1522 fuge,
527 1483 613 1513 nate
633 1480 722 1523 Dea,
745 1483 855 1523 teque
873 1479 968 1523 his,''
989 1480 1053 1522 ait,
1079 1480 1209 1523 “cripe
1229 1480 1392 1516 flammis.

258 1529 388 1563 Hostis
406 1531 516 1565 habet
535 1543 658 1565 muros
678 1545 686 1573 ;
714 1533 789 1565 ruit
807 1533 882 1566 alto
901 1544 922 1577 a
942 1532 1099 1566 culmine
1118 1532 1235 1576 Troja.

258 1582 323 1616 Sat
343 1584 470 1627 patriae
490 1584 708 1629 Priamoque
728 1585 857 1618 datum
877 1583 903 1618 Ξ]
913 1585 944 1618 si
963 1584 1140 1628 Pergama
1158 1585 1290 1619 (lextra

257 1635 416 1670 Defensli
434 1640 594 1680 possent,
617 1639 729 1671 etiam
748 1638 817 1671 hac
836 1634 986 1672 defensa
1005 1638 1169 1672 fuissent.

259 1688 367 1722 Sacra
387 1700 542 1733 suosque
561 1691 630 1724 tibi
649 1691 878 1725 commendat
899 1691 1006 1734 Troja
1026 1690 1181 1724 Penates
1201 1703 1210 1727 :

258 1740 338 1774 Hos
358 1752 442 1785 cape
462 1743 621 1776 fatorum
641 1744 789 1777 comites
808 1757 817 1785 3
845 1743 901 1776 his
920 1743 1055 1777 moenia
1074 1755 1208 1787 quaere,

257 1793 396 1838 Magna
414 1798 596 1838 pererrato
616 1798 755 1829 statues
775 1808 857 1840 quae
877 1796 1034 1839 denique
1052 1796 1206 1840 ponto.''

258 1846 316 1880 Sic
335 1847 387 1880 ait
405 1860 413 1889 ;
441 1850 479 1881 et
498 1849 665 1882 manibus
684 1849 809 1892 vittas,
832 1848 1058 1893 Vestamque
1077 1851 1278 1894 potentem,

256 1899 529 1944 AEternumque
549 1901 669 1945 adytis
689 1902 791 1935 effert
810 1901 1056 1945 penetralibus
1074 1901 1204 1945 ignem,

309 1952 462 1987 Diverso
482 1953 622 1988 interea
639 1954 839 1988 miscentur
856 1955 992 1988 moenia
1009 1954 1113 1988 luctu
1134 1968 1141 1994 ;

256 2004 306 2038 Et
325 2006 438 2050 magis
457 2009 568 2050 atque
588 2007 700 2051 magis
721 2007 946 2051 (quanquam
965 2010 1102 2041 secreta
1120 2007 1280 2051 parentis

255 2057 427 2092 Anchisae
446 2059 576 2093 doinus
595 2060 854 2104 arboribusque
873 2060 1017 2093 obtecta
1035 2061 1194 2104 recessit)

256 2109 468 2145 clarescunt
487 2112 638 2156 sonitus,
661 2124 916 2157 armorumque
936 2112 1073 2157 ingruit
1091 2113 1226 2147 horror.

255 2162 433 2198 Excutior
450 2175 589 2208 somno,
611 2167 649 2198 et
667 2166 799 2199 summi
818 2166 963 2210 fastigia
981 2165 1069 2199 tecti

253 2215 417 2249 Ascensu
437 2228 578 2261 supero,
600 2220 712 2262 atque
731 2218 877 2252 arrectis
897 2218 1044 2252 auribus
1063 2220 1143 2252 asto
1161 2229 1168 2252 :

255 2266 298 2301 In
320 2272 477 2312 segetem
497 2271 613 2304 veluti
632 2282 747 2315 quum
767 2271 911 2304 flamma
929 2270 1135 2304 furentibus
1156 2270 1303 2305 Austris

252 2319 390 2355 Incidit
408 2335 417 2364 3
446 2325 510 2356 aut
529 2324 677 2367 rapidus
695 2327 869 2358 montano
887 2323 1037 2358 flumine
1056 2325 1197 2358 torrens

1429 212 1471 235 25⁵

1429 475 1472 498 ‘⁴37⁰

1429 1002 1472 1023 28⁶)

1427 1266 1471 1288 5135

1428 1530 1470 1550 *29⁰

1426 1795 1470 1816 255

1425 2058 1467 2080 80³
