1559 2584
113 106 165 141 46

554 116 740 143 VIRGILH
771 116 826 142 GE
832 115 1004 142 ORGICA.

272 203 311 237 N
314 216 354 238 ec
371 203 493 238 minus
510 203 651 238 interea
668 203 764 237 foetu
782 214 911 236 nemus
930 214 1036 237 omne
1055 203 1244 247 gravescit,

220 256 506 301 Sanguineisque
523 257 664 291 inculta
681 256 815 290 rubent
833 256 969 290 aviaria
986 256 1114 291 baccis.

223 310 438 344 Tondentur
456 310 563 354 cytisi
579 323 588 352 ;
615 309 731 343 taedas
751 309 854 353 sylva
872 309 947 343 alta
965 310 1162 352 ministrat,

220 363 501 407 Pascunturque
518 363 619 407 ignes
638 362 821 406 nocturni,
844 364 881 396 et
899 362 1039 397 lumina
1057 363 1230 398 fundunt.

220 416 271 450 Et
290 417 464 450 dubitant
483 416 647 450 homines
666 427 794 458 serere,
817 418 927 459 atque
946 415 1155 460 impendere
1175 428 1295 450 curam
1316 415 1327 450 ἒ

222 469 321 510 Quid
339 469 479 514 majora
496 481 626 513 sequar
640 469 653 503 2
680 469 817 512 salices,
839 469 1067 513 humilesque
1081 469 1245 514 genistae,

220 522 300 556 Aut
318 522 391 556 illae
410 523 530 567 pecori
547 522 728 566 frondem,
750 525 815 556 aut
834 521 1040 566 pastoribus
1058 523 1205 556 umbras

222 575 415 610 Sufficiunt
431 589 440 618 ;
469 587 674 620 saepemque
693 575 793 619 satis,
816 577 853 608 et
871 575 1006 619 pabula
1023 575 1133 610 melli.

222 629 272 663 Et
286 629 395 673 juvat
414 629 616 663 undantem
633 629 733 663 buxo
748 631 910 673 spectare
926 628 1114 672 Cytorum,

222 682 262 716 N
263 683 465 726 aryciaeque
483 682 572 727 picis
590 683 691 716 lucos
710 696 719 724 ;
743 682 852 726 juvat
872 694 958 716 arva
976 682 1112 725 videre,

222 735 263 769 N
264 747 312 769 011
330 736 467 779 rastris,
488 736 678 769 hominum
697 747 772 769 non
790 736 857 769 ulli
876 735 1035 769 obnoxia
1054 747 1161 770 cmae.

224 788 320 833 Ipsae
340 789 519 823 Oaueaseo
540 789 680 822 steriles
698 789 735 822 in
756 788 890 822 vertice
910 789 1036 832 sylvae,

224 841 323 883 Quas
340 842 494 876 animosi
512 842 603 876 Euri
620 842 762 876 assidue
781 842 1029 886 franguntque
1047 842 1257 886 feruntque,

224 895 326 930 Dant
344 896 433 929 alios
452 896 532 930 aliae
550 895 663 929 foetus
683 909 691 937 ;
720 895 811 928 dant
829 895 921 928 utile
940 895 1081 938 lignum

224 947 391 993 Navigiis
410 948 526 993 pinos,
549 949 717 982 domibus
736 948 958 992 cedrumque
977 958 1244 991 cupressosque.

224 1000 324 1036 Hinc
342 1002 463 1036 radios
481 1002 613 1036 trivere
632 1002 732 1045 rotis,
754 1001 840 1034 hinc
858 1004 1035 1045 tympana
1052 1000 1236 1045 plaustris,

224 1055 414 1099 Agricolae,
437 1058 474 1089 et
492 1055 631 1099 pandas
649 1055 789 1089 ratibus
807 1055 959 1098 posuere
978 1055 1125 1088 carinas.

224 1108 434 1142 Viminibus
452 1109 576 1142 salices
594 1108 786 1151 foecundae,
808 1108 1000 1142 frondibus
1019 1108 1110 1141 ulmi
1126 1120 1135 1149 ;

223 1162 276 1196 At
294 1165 438 1206 myrtus
457 1162 587 1196 validis
607 1162 810 1204 hastilibus,
834 1163 870 1194 et
889 1161 985 1194 bona
1004 1161 1100 1194 bello

224 1215 364 1249 Cornus
382 1228 389 1256 ;
419 1216 574 1249 Ituraeos
592 1215 671 1248 taxi
691 1217 910 1258 torquentur
928 1214 967 1247 in
982 1225 1094 1248 arcus.

224 1268 264 1302 N
266 1280 305 1302 ec
323 1269 413 1302 tiliae
432 1269 541 1312 leves,
563 1271 628 1302 aut
647 1271 754 1301 torno
774 1267 879 1301 rasile
898 1267 1040 1300 buxum

224 1321 311 1356 Non
332 1322 487 1356 sormam
505 1321 701 1365 accipiunt,
723 1321 892 1364 ferroque
911 1323 1090 1354 cavantur
1109 1321 1226 1355 acuto.

224 1374 380 1410 Necnon
400 1378 437 1409 et
455 1378 656 1409 torrentem
674 1374 813 1407 undam
832 1374 922 1407 levis
941 1373 1085 1407 innatat
1105 1374 1210 1407 alnus

225 1428 341 1462 Missa
360 1429 462 1462 Pado
481 1442 490 1470 ;
518 1440 660 1462 necnon
680 1430 716 1461 et
736 1439 820 1471 apes
840 1427 1007 1461 examina
1026 1426 1190 1460 condunt

227 1481 502 1526 Corticibusque
522 1481 630 1524 cavis,
648 1481 861 1524 vitiosaeque
881 1480 972 1514 ilicis
992 1480 1103 1513 alveo.

226 1535 325 1576 Quid
343 1535 621 1569 memorandum
640 1546 744 1578 aeque
759 1534 938 1567 Baccheia
957 1534 1053 1567 dona
1071 1532 1266 1567 tulerunt?

226 1588 390 1622 Bacchus
410 1592 447 1622 et
466 1589 512 1622 ad
532 1589 676 1632 culpam
697 1599 821 1621 causas
840 1587 943 1620 dedit
964 1599 971 1621 :
1000 1587 1061 1620 ille
1080 1587 1243 1620 furentes

226 1642 427 1676 Centauros
446 1642 520 1676 leto
539 1641 694 1684 domuit,
716 1641 981 1684 Rhoetumque,
1005 1640 1246 1684 Pholumque,

225 1695 274 1730 Et
293 1707 425 1739 magno
444 1695 621 1739 Hylaeum
641 1694 805 1738 Lapithis
824 1698 960 1727 cratere
975 1693 1186 1727 minantem.

280 1748 311 1782 Ο
330 1749 519 1782 forunatos
539 1749 705 1791 nimium,
728 1759 793 1781 sua
811 1747 841 1780 si
860 1748 956 1781 bona
974 1747 1107 1790 nolint,

225 1802 412 1846 Agricolas
430 1804 436 1836 ἔ
467 1802 600 1846 quibus
619 1802 708 1846 ipsa,
730 1801 856 1844 procul
876 1800 1101 1834 discordibus
1121 1799 1241 1843 armis,

226 1855 368 1890 Fundit
386 1856 498 1889 humo
518 1855 661 1889 facilem
680 1854 819 1888 victum
834 1853 1038 1898 justissima
1056 1853 1176 1887 tellus.

229 1908 267 1942 Si
288 1920 362 1942 non
381 1909 568 1953 ingentem
587 1908 725 1942 foribus
745 1908 875 1940 domus
894 1907 969 1940 alta
989 1906 1152 1950 superbis

227 1962 340 1995 Mane
360 1962 587 1996 salutantum
606 1962 696 1995 totis
717 1961 830 1994 vomit
850 1960 990 1993 {edibus
1010 1959 1148 1993 undam
1167 1971 1178 2002 ;

226 2015 265 2049 N
268 2027 307 2049 ec
325 2016 444 2049 varios
462 2015 606 2048 inhiant
625 2012 777 2059 pulchra
790 2014 974 2047 testudine
990 2016 1123 2057 postes,

227 2068 432 2113 Illusasque
452 2080 540 2102 auro
560 2071 688 2110 vestes,
714 2067 968 2111 EphyreIaque
989 2078 1061 2100 [era
1080 2079 1089 2108 ;

226 2122 323 2155 Alba
341 2134 460 2166 neque
479 2122 630 2165 Assyrio
651 2122 796 2154 fucatur
819 2121 902 2154 lana
921 2131 1074 2162 veneno,

226 2174 266 2208 N
268 2187 308 2208 ec
327 2175 422 2209 casia
439 2175 571 2219 liquidi
591 2174 834 2217 corrumpitur
853 2185 940 2207 usus
960 2173 1046 2206 olivi
1063 2185 1072 2214 ;

227 2228 280 2262 At
300 2240 424 2262 secura
444 2228 558 2272 quies,
582 2230 618 2261 ct
638 2227 759 2261 nescia
778 2227 903 2260 fallere
925 2226 1014 2269 vita,
1159 2267 1166 2275 ι

226 2281 340 2315 Dives
359 2293 469 2325 opum
489 2282 671 2315 variarum
692 2294 699 2322 ;
728 2283 767 2314 at
786 2280 870 2313 latis
890 2279 965 2313 otia
984 2278 1122 2322 fundis,

227 2334 430 2378 Speluncae,
454 2335 601 2378 vivique
620 2334 720 2367 lacus
742 2346 749 2375 ;
778 2336 818 2366 at
837 2333 969 2377 frigida
989 2333 1136 2376 Tempe,

228 2387 469 2432 Mugitusque
488 2387 610 2430 boum,
633 2387 832 2430 mollesque
851 2386 918 2419 sub
938 2385 1063 2419 arbore
1084 2384 1200 2418 somni

1392 253 1430 272 43⁰

1396 519 1434 539 4³5

1400 783 1439 802 -14'1

1401 1046 1440 1068 ⁴45

1401 1320 1440 1341 430

1409 1852 1449 1871 >¹6¹³

1408 2374 1445 2398 4ΐο
