1559 2584
146 118 197 155 96

638 128 825 155 V1RG1L11
855 128 981 155 CIRIS.

249 215 362 249 Nunc
381 215 452 249 alia
470 226 516 249 ex
535 215 626 258 aliiS,
648 226 715 248 nec
734 215 879 258 desunt,
903 215 1024 249 omina
1044 217 1196 260 quaerit.

251 268 350 310 Quin
369 269 480 302 etiam
499 272 617 301 castos
636 279 723 301 ausa
743 270 799 301 est
820 279 1048 312 corrumpere
1067 271 1182 314 vates,

249 320 315 365 Ut,
338 333 421 355 cum
441 333 542 355 caesa
559 321 620 365 pio
640 320 826 354 cecidisset
846 321 994 355 victima
1011 322 1118 365 ferro,
1425 320 1468 341 ³⁰⁵

249 374 368 418 Esset,
391 375 455 418 qui
473 385 648 418 generum
667 373 795 407 Minoa
813 374 1023 408 auctoribus
1043 375 1137 408 extis

250 427 406 471 Iungere
426 430 463 461 et
481 427 657 471 ancipites
676 427 845 460 suaderet
863 427 990 461 tollere
1009 439 1160 471 pugnas.

250 481 304 514 At
323 481 461 524 nutrix,
483 481 610 525 patula
630 491 848 524 componens
867 480 1007 514 sulfura
1023 483 1132 524 testa,

250 533 464 568 Narcissum
484 533 687 577 casiamque
706 533 836 567 herbas
855 534 1050 567 contundit
1069 533 1220 577 olentes,

249 586 390 631 Terque
409 598 553 620 novena
569 587 659 630 ligat
678 586 814 630 triplici
833 586 975 620 diversa
994 587 1111 620 colore

249 639 331 674 Fila
348 653 356 681 ;
388 641 414 658 ‘⁶
427 640 496 673 Ter
512 640 551 673 in
570 639 749 683 gremium
767 651 910 674 mecum
922 639 942 656 '³
971 640 1092 684 inquit
1115 641 1140 658 ‘⁶
1154 639 1289 683 despue
1311 639 1423 684 virgo,

252 695 279 712 “
291 694 437 737 Despue
455 695 524 736 ter,
545 693 647 737 virgo
668 705 674 727 :
702 704 855 726 numero
874 693 965 726 deus
983 693 1120 737 impare
1140 692 1313 737 gaudet.''

249 745 344 780 Inde
363 746 445 780 Iovi
463 758 595 790 magno
614 746 776 790 geminat
796 746 971 790 Stygialia
989 758 1100 789 sacra,

250 799 360 834 Sacra
377 811 445 833 nec
463 799 591 833 Aeaeis
611 799 757 833 senibus
776 811 843 833 nec
863 799 1007 843 cognita
1027 800 1146 833 Graiis
1165 812 1174 841 3

249 852 389 897 Pergit,
411 853 609 897 Amyclaeo
630 865 800 896 spargens
820 853 948 886 altaria
966 853 1095 897 thallo,

249 905 361 950 Regis
380 906 543 940 Iolciacis
563 906 727 939 animum
746 906 901 950 defigere
923 906 1025 939 votis.

249 959 390 993 Verum
408 959 473 992 ubi
491 959 594 993 nulla
611 962 735 992 movet
755 959 921 992 stabilem
940 959 1084 992 fallacia
1104 959 1252 1003 Nisum,

249 1012 330 1046 Nec
348 1015 502 1057 possunt
520 1013 698 1055 homines,
720 1023 786 1045 nec
805 1014 957 1056 possunt
976 1012 1120 1046 flectere
1139 1013 1272 1046 divi-

249 1065 367 1099 Tanta
385 1068 440 1099 est
459 1065 498 1099 in
517 1077 628 1109 parvo
647 1065 781 1099 fiducia
799 1066 896 1098 crine
916 1065 1068 1099 cavendi
1086 1078 1149 1107 3—

247 1118 391 1153 Rursus
409 1119 456 1152 ad
473 1119 660 1162 inceptum
679 1119 819 1152 facinus
838 1130 875 1152 se
894 1118 1007 1162 cingit
1026 1119 1174 1152 alumna

249 1171 556 1216 Purpureumque
570 1174 674 1215 parat
692 1183 817 1205 rursus
835 1172 987 1205 tondere
1007 1172 1191 1215 capillum,

248 1225 451 1268 Praelongo
470 1225 570 1269 quod
588 1225 661 1258 iam
681 1228 804 1269 captat
823 1237 1028 1258 succurrere
1048 1225 1161 1258 amori
1183 1238 1190 1266 ;

249 1278 337 1312 Non
356 1279 479 1312 minus
497 1279 560 1312 illa
577 1281 714 1321 tamen,
736 1278 860 1312 revehi
879 1278 979 1322 quod
997 1278 1140 1312 moenia
1160 1278 1287 1312 Cressa

249 1332 455 1375 Gaudebat,
478 1331 589 1365 cineri
606 1332 724 1375 patria
743 1334 798 1365 est
816 1331 978 1365 iucunda
997 1332 1150 1375 sepulto.

249 1385 346 1430 Ergo
364 1385 498 1418 itenun
518 1385 628 1429 capiti
648 1385 768 1428 Scylla
787 1388 842 1418 est
861 1385 1007 1418 inimica
1026 1388 1186 1428 paterno.

249 1437 344 1472 Tum
364 1450 466 1472 coma
485 1438 634 1471 Sidonio
654 1438 786 1471 florens
805 1438 988 1471 deciditur
1007 1441 1105 1471 ostro
1126 1451 1133 1479 ;

250 1491 343 1525 Tum
362 1491 505 1535 capitur
522 1491 673 1535 Megara
692 1494 729 1524 et
747 1491 874 1525 divum
893 1502 1064 1535 responsa
1082 1491 1285 1535 probantur
1301 1502 1309 1532 ς

250 1544 344 1578 Τ11111
363 1557 537 1589 suspensa
555 1556 650 1577 novo
670 1544 744 1577 ritu
764 1545 809 1577 de
828 1544 982 1578 navibus
1002 1544 1086 1577 altis

249 1597 322 1632 Per
340 1610 438 1632 mare
458 1598 663 1632 caeruleum
682 1598 842 1631 trahitur
862 1598 988 1630 Niseia
1008 1597 1117 1640 virgo.

249 1651 462 1695 Complures
480 1651 581 1684 illam
600 1651 782 1694 nymphae
802 1651 983 1684 mirantur
1001 1651 1039 1683 in
1060 1649 1182 1694 undis,

249 1704 411 1738 Miratur
429 1707 533 1749 pater
552 1704 730 1747 Oceanus,
754 1707 790 1737 et
810 1704 965 1737 candida
984 1704 1132 1747 Tethys,

248 1757 298 1791 Et
318 1758 467 1802 cupidas
486 1769 607 1791 secum
626 1757 769 1801 rapiens
789 1758 941 1791 Galatea
960 1768 1098 1790 sorores
1117 1770 1124 1797 ;

249 1811 358 1845 Illam
377 1811 500 1854 etiam,
521 1810 656 1844 iunctis
674 1822 846 1854 magnum
867 1822 960 1854 quae
977 1810 1135 1854 piscibus
1153 1821 1290 1853 aequcr

249 1864 299 1898 Et
318 1865 446 1908 glauco
465 1865 638 1908 bipedum
658 1876 766 1897 curru
785 1864 939 1897 metitur
957 1875 1146 1907 equorum,

249 1917 468 1960 Leucothee,
491 1929 696 1961 parvusque
717 1917 785 1950 dea
804 1929 887 1951 cum
906 1920 1022 1950 matre
1043 1917 1240 1950 Palaemon
1258 1929 1267 1957 3

249 1971 358 2005 Illam
379 1971 501 2014 etiam,
524 1971 682 2004 alternas
702 1970 821 2003 sortiti
840 1970 962 2003 Vivere
981 1970 1091 2012 luces,

250 2024 342 2058 Cara
360 2024 459 2058 Iovis
479 2024 630 2067 soboles,
653 2035 826 2067 magnum
846 2023 945 2056 Iovis
964 2023 1243 2066 incrementum,

250 2076 479 2121 Tyndaridae
499 2078 624 2110 niveos
643 2077 826 2110 mirantur
845 2076 996 2120 virginis
1014 2078 1125 2109 artus.

250 2130 331 2164 Has
349 2131 440 2164 adeo
456 2142 560 2164 voces
579 2133 690 2174 atque
710 2130 798 2164 haec
818 2130 978 2163 lamenta
996 2141 1060 2173 per
1079 2140 1185 2162 auras

249 2183 440 2218 Fluctibus
458 2184 497 2217 in
517 2183 645 2217 mediis
665 2186 798 2227 questu
818 2183 989 2216 volvebat
1008 2182 1120 2224 inani,

248 2237 310 2271 Ad
330 2237 469 2270 coelum
488 2237 617 2270 infelix
636 2236 801 2270 ardentia
819 2236 960 2270 lumina
978 2235 1145 2277 tendens,

249 2289 407 2324 Lumina
425 2302 431 2324 :
461 2302 546 2323 nam
566 2293 711 2323 teneras
730 2290 902 2323 arcebant
921 2289 1068 2322 vincula
1086 2288 1224 2332 palmas
1242 2299 1250 2322 τ

252 2344 278 2361 ⁴‘
293 2343 515 2387 Supprimite
534 2354 555 2376 o
575 2343 740 2387 paullum
758 2342 898 2376 turbati
918 2342 1069 2375 flumina
1087 2341 1200 2383 venti,

249 2395 349 2430 Dum
369 2408 512 2441 queror,
535 2404 572 2430 et
592 2396 707 2439 divos,
731 2407 953 2440 quamquam
973 2395 1025 2428 nil
1045 2394 1200 2428 testibus
1219 2394 1290 2427 iliis

1426 585 1467 608 ³70

1426 850 1467 874 875

1426 1116 1469 1137 3811

1427 1382 1468 1401 ³³5

1426 1647 1467 1667 31⁴³

1429 1913 1471 1933 ³⁴³)

1429 2178 1470 2198 11'0
