1559 2584
120 77 175 114 413

597 84 782 113 VIRGILII
810 85 963 113 AENEIS.

226 173 366 208 Exorat
383 184 510 217 pacem
527 172 678 216 Divum,
701 172 884 217 vittasque
901 173 1052 208 resolvit

229 227 369 261 Sacrati
388 226 528 270 capitiS‚
550 237 682 269 meque
702 225 749 259 ad
769 228 836 259 tua
854 225 994 270 limina,
1016 226 1168 270 Phoebo,

227 280 311 324 Ipse
329 290 441 312 manu
460 278 579 312 multo
598 290 813 322 suspensum
831 279 982 313 numine
1001 279 1102 314 ducit
1122 294 1130 321 3

227 334 352 376 Atque
371 332 449 365 haec
468 331 600 364 deinde
619 332 717 365 canit
736 331 861 365 divino
880 344 926 365 ex
944 343 1004 366 ore
1018 333 1184 367 sacerdos
1203 345 1211 368 τ

231 387 256 405 “
270 386 370 419 Nate
388 385 480 427 Dea>
504 384 604 429 (nam
622 386 660 418 te
678 384 876 429 majoribus
894 385 946 418 ire
965 396 1029 429 per
1047 386 1164 420 altum

227 437 410 482 Auspiciis
429 437 622 471 manifesta
641 438 730 471 fides
749 451 755 472 :
784 438 835 471 sic
854 439 931 471 fata
944 438 1065 472 Deum
1083 451 1148 473 rex

227 491 388 526 Sortitur
404 490 594 534 volvitque
612 490 708 524 vices
725 503 733 532 3
760 490 791 524 is
808 491 966 524 vertitur
985 491 1103 535 ordo),

228 545 354 579 Pauca
372 544 441 577 tibi
462 556 480 577 e
496 544 635 586 multis,
659 555 731 587 quo
750 544 869 577 tutior
888 542 1032 588 hospita
1050 544 1183 578 lustres

229 598 396 641 AEquora
410 600 447 630 et
467 597 629 630 Ausonio
648 597 762 640 possis
782 597 968 630 considere
987 600 1107 641 portu,

228 650 431 694 Expedjam
451 650 577 691 dictis;
606 650 800 693 prohibent
819 661 906 683 nani
925 653 1045 684 cetera
1064 650 1189 684 Parcae

230 705 327 739 Scire
348 703 546 746 Helenum,
568 703 709 747 farique
728 705 829 737 vetat
849 703 1022 737 Saturnia
1039 704 1141 737 Juno
1159 716 1166 738 :

230 757 415 801 Principio
436 756 581 790 Italiam
602 756 727 801 <quam
746 758 789 789 tu
803 756 882 800 jam
901 768 978 790 rere
997 757 1251 801 propinquam,

230 810 466 854 Vicinosque,
485 809 620 853 ignare,
638 821 743 853 paras
762 809 934 843 invadere
953 810 1094 854 portus)

230 864 357 907 Longa
375 863 501 907 procul
519 863 635 906 longis
654 863 713 896 via
733 862 865 896 dividit
885 863 984 896 invia
1002 864 1116 897 terris.

231 918 331 951 Ante
350 919 386 950 et
406 916 591 949 Trinacria
610 916 806 949 lentandus
824 928 945 949 remus
963 916 1002 949 in
1021 917 1123 950 und-212

230 970 280 1004 Et
299 970 383 1004 salis
402 969 558 1002 Ausonii
575 969 807 1002 lustrandum
827 969 982 1002 navibus
1001 981 1126 1012 aequor

231 1023 444 1066 Infernique
462 1022 561 1055 lacus
581 1021 770 1065 AEaeaeque
788 1022 908 1055 insula
927 1022 1050 1065 Circze,

232 1076 350 1118 Quam
368 1078 452 1109 tuta
470 1075 585 1118 possis
603 1076 729 1108 urbem
749 1086 963 1118 componere
977 1077 1082 1109 terra.

233 1130 343 1174 Signa
361 1128 430 1162 tibi
449 1128 578 1170 dicam,
601 1130 644 1161 tu
665 1128 811 1161 condita
830 1131 953 1161 niente
973 1131 1107 1162 teneto.

233 1183 356 1224 Quum
374 1182 444 1216 tibi
461 1181 617 1214 sollicito
636 1182 764 1215 secreti
783 1181 829 1215 ad
849 1181 1009 1214 fluminis
1027 1181 1165 1215 undam

232 1236 406 1270 Littoreis
424 1235 552 1278 ingens
571 1235 723 1268 inventa
742 1235 809 1268 sub
828 1234 971 1268 ilicibus
991 1247 1063 1279 5115,

234 1289 398 1333 Triginta
416 1288 577 1332 capitum
596 1288 708 1321 foetus
727 1288 845 1331 enixa,
865 1288 1016 1332 jacebit,

233 1343 342 1385 Alba,
364 1341 440 1375 solo
458 1341 647 1384 recubans,
670 1341 744 1374 albi
764 1341 897 1374 circuni
916 1341 1029 1375 ubera
1047 1341 1127 1375 nati
1143 1354 1151 1383 ;

234 1396 272 1430 Is
291 1396 392 1430 locus
410 1394 512 1428 urbis
532 1394 601 1428 erit
622 1407 628 1428 :
657 1395 800 1438 requies
819 1405 861 1428 ea
881 1397 978 1428 certa
998 1394 1172 1429 laborum.

235 1449 274 1483 N
276 1460 316 1482 ec
333 1451 377 1482 tu
396 1459 604 1481 mensarum
623 1459 764 1481 morsus
783 1447 946 1481 horresce
966 1448 1110 1481 futuros
1131 1460 1138 1481 z

235 1502 329 1536 Fata
346 1502 444 1535 viam
463 1501 664 1542 invenient,
688 1501 877 1544 aderitque
896 1503 1047 1534 vocatus
1068 1500 1209 1543 Apollo.

236 1556 316 1590 Has
335 1557 459 1589 autem
478 1556 606 1598 terras,
629 1554 788 1597 Italique
808 1554 901 1587 hanc
916 1553 1051 1587 littoris
1071 1564 1183 1596 oram,

235 1608 409 1643 Proxima
425 1619 507 1651 quae
526 1606 643 1640 nostri
661 1606 895 1650 perfunditur
914 1607 1069 1650 aequoris
1088 1609 1193 1648 aestu,

234 1662 365 1706 Effuge
387 1674 393 1695 ;
423 1663 554 1694 cuncta
572 1660 676 1693 malis
694 1660 909 1693 habitantur
928 1660 1063 1693 moenia
1082 1659 1210 1693 Graiis.

235 1716 310 1749 Hic
329 1718 366 1748 et
385 1714 538 1758 Narycii
556 1715 755 1757 posuermit
774 1713 910 1747 moenia
928 1713 1043 1755 Locri,

236 1769 286 1802 Et
306 1767 511 1802 Salentinos
530 1766 672 1800 obsedit
691 1766 807 1799 milite
827 1777 971 1810 campos

237 1821 389 1866 Lyctius
410 1820 627 1854 Idomeneus
645 1832 652 1854 :
681 1819 740 1853 hic
758 1820 821 1853 illa
840 1819 943 1853 ducis
963 1818 1129 1852 Meliboei

237 1875 355 1909 Parva
375 1873 591 1907 Philoctetae
610 1873 767 1906 subnixa
787 1873 927 1906 Petelia
945 1883 1059 1906 1111110.

239 1928 350 1970 Quin,
372 1927 437 1960 ubi
455 1927 679 1960 transmissae
700 1926 869 1959 steterint
888 1929 989 1959 trans
1009 1936 1155 1968 aequora
1175 1924 1318 1968 classes2

236 1982 298 2025 Et,
321 1980 449 2025 positis
468 1980 550 2022 aris,
563 1980 642 2023 jam
660 1982 746 2013 vota
764 1979 803 2012 in
816 1979 940 2012 littore
960 1978 1089 2021 solves,

239 2035 430 2078 Purpureo
449 2033 569 2067 velare
591 2044 709 2066 comas
729 2032 926 2076 adopertus
946 2031 1082 2065 amictu
1099 2043 1108 2072 ;

237 2088 298 2122 Ne
318 2099 391 2131 qua
410 2087 506 2120 inter
525 2089 669 2119 sanctos
688 2086 788 2129 ignes
807 2086 845 2118 111
865 2085 1001 2118 honore
1021 2084 1184 2117 Deorum

238 2140 396 2175 Hostilis
415 2139 524 2173 facies
539 2142 715 2181 occurrat,
734 2142 769 2172 et
785 2139 908 2172 omina
922 2137 1047 2171 turbet
1068 2149 1074 2171 :
1124 2146 1127 2149 “

238 2195 351 2228 Hunc
371 2193 457 2226 50011
476 2204 613 2226 morem
633 2204 827 2234 sacrorum,
850 2192 948 2225 hunc
963 2191 1038 2234 ipse
1058 2191 1182 2222 teneto
1201 2201 1209 2231 ;

239 2247 323 2281 Hac
344 2246 433 2279 casti
452 2248 624 2279 maneant
643 2246 681 2278 in
701 2245 874 2289 religione
895 2247 1053 2288 nepotes

239 2302 310 2335 Ast
328 2299 392 2333 ubi
406 2299 608 2342 digressum
628 2298 758 2332 Siculae
778 2301 814 2332 te
834 2297 1037 2332 admoverit
1051 2308 1123 2331 orae

241 2353 400 2396 Ventus,
422 2354 459 2385 et
471 2351 616 2395 angusti
634 2354 816 2385 rarescent
836 2353 993 2386 claustra
1013 2350 1145 2395 Pelori,

1396 169 1439 194 371)

1401 700 1444 721 380

1404 966 1446 986 385

1405 1230 1448 1251 ³90

1406 1496 1448 1516 395

1408 1761 1451 1782 400

1409 2027 1450 2047 405

1411 2290 1452 2310 410
1486 2318 1490 2322 ι
