1559 2584
143 133 161 170 1
171 132 195 170 8
546 142 734 170 VIRGILII
764 142 996 170 BUCOLICA.

141 230 316 275 Conjugis
334 232 378 264 ut
396 230 544 274 magicis
563 242 669 264 sanos
689 232 852 264 avertere
873 230 981 264 sacris

139 284 317 328 Experiar
335 295 461 317 sensus
482 296 489 318 :
518 283 611 316 nihil
629 283 689 317 hic
707 283 778 316 nisi
796 283 955 317 carmina
974 283 1117 318 desunt.

141 336 275 370 Ducite
295 336 340 370 ab
359 336 448 369 urbe
469 336 631 379 domum,
654 347 734 369 mea
754 336 924 379 carmina,
942 336 1064 370 ducite
1084 336 1267 381 Daphnin.

142 389 312 423 Carmina
329 389 389 423 vel
408 389 499 423 coelo
517 391 671 433 possunt
691 388 869 422 deducere
888 388 1052 432 Lunam3

141 442 370 476 Carminibus
390 441 490 475 Circe
510 442 623 475 socios
642 442 801 475 mutavit
820 441 936 485 Ulyxj
951 455 960 483 3

141 495 312 539 Frigidus
330 495 368 528 in
387 495 501 538 pratis
520 495 701 528 cantando
715 494 900 538 rumpitur
916 494 1055 538 anguis.

142 548 275 582 Ducite
295 549 341 581 ab
360 548 448 581 urbe
468 548 630 591 domum,
648 559 729 581 mea
748 547 919 591 carmina,
941 547 1064 581 ducite
1083 547 1268 592 Daphnin.

142 601 259 635 Terna
276 600 346 634 tibi
364 600 443 633 haec
462 600 620 644 primum
638 600 774 644 triplici
793 600 937 634 diversa
955 600 1073 634 colore

142 653 243 687 Licia
263 653 458 697 circumdo,
473 656 603 697 terque
622 654 701 687 haec
721 653 850 687 altaria
869 653 1004 687 circum

140 706 307 751 Effigiem
327 707 419 740 duco
438 719 444 741 :
473 718 625 740 numero
645 706 735 740 deus
754 707 891 750 impare
916 706 1061 750 gaudet.

142 759 276 793 Ducite
296 760 341 793 ab
361 760 450 793 urbe
470 759 633 803 domum,
655 771 735 793 mea
755 759 926 802 carmina,
948 759 1071 793 ducite
1090 759 1276 804 Daphnin.

142 811 262 846 Necte
280 813 398 846 tribus
417 813 522 846 nodis
541 815 677 856 ternos,
699 813 891 856 Amarylli,
914 813 1050 846 colores
1067 826 1075 854 ;

141 865 272 909 Necte,
295 866 486 910 Amarylh'‚
508 866 618 899 modo
638 879 646 907 ;
675 868 723 908 et,
746 865 912 908 Veneris,
935 866 1005 908 dic,
1027 865 1174 900 vincula
1192 868 1308 901 necto.

142 918 276 952 Ducite
295 919 341 952 ab
361 919 450 952 urbe
470 919 631 962 domum,
653 930 734 952 mea
753 919 923 961 carmina,
943 918 1064 953 ducite
1083 919 1269 963 Daphnin.

141 971 268 1006 Limus
287 974 330 1006 ut
349 972 408 1005 hic
434 972 606 1015 durescit,
629 974 666 1005 et
685 972 762 1005 haee
781 974 824 1004 ut
843 983 923 1005 cera
942 972 1122 1015 liquescit,

143 1024 228 1059 Uno
248 1025 448 1069 eodemque
466 1025 544 1069 igni
564 1038 572 1066 ;
601 1024 652 1058 sic
670 1027 795 1058 nostro
815 1024 980 1068 Daphnis
999 1036 1130 1059 amore.

143 1078 276 1122 Sparge
296 1078 442 1121 molam,
465 1081 502 1111 et
520 1077 664 1122 fragiles
683 1078 835 1111 incende
850 1078 1029 1111 bitumine
1043 1078 1165 1112 lauros
1185 1091 1192 1114 :

141 1131 308 1175 Daphnis
326 1143 384 1165 me
403 1132 521 1164 malus
540 1131 615 1164 urit
632 1144 640 1173 ;
669 1142 734 1174 ego
753 1131 847 1164 hanc
866 1131 904 1164 in
924 1131 1119 1174 Daphnide
1138 1132 1292 1167 laurum.

141 1184 275 1218 Ducite
294 1185 340 1218 ab
358 1185 448 1218 urbe
468 1184 630 1227 domum,
651 1196 732 1217 mea
752 1183 922 1226 carmina,
945 1183 1069 1217 ducite
1088 1184 1272 1228 Daphnin.

142 1237 238 1271 Talis
257 1249 358 1271 amor
376 1237 563 1280 Daphnin,
582 1237 712 1280 qualis,
735 1248 849 1280 quum
864 1237 958 1270 fessa
973 1236 1175 1280 juvencum

142 1290 215 1323 Per
233 1302 381 1324 nemora
399 1294 510 1333 atque
530 1290 623 1323 altos
642 1289 839 1333 quaerendo
858 1289 991 1323 bucula
1010 1290 1111 1324 lucos

142 1344 298 1387 Propter
317 1355 422 1388 aquae
440 1344 561 1377 rivum
579 1343 689 1376 viridi
707 1342 913 1386 procumbit
931 1343 969 1376 in
990 1343 1091 1387 ulva,

142 1396 294 1431 Perdita
312 1408 378 1430 nec
397 1408 485 1430 serae
504 1396 671 1429 meminit
687 1395 860 1429 decedere
879 1395 980 1429 nocti
996 1409 1004 1437 ;

142 1449 238 1483 Talis
257 1461 358 1483 amor
375 1451 512 1492 teneat,
534 1460 600 1482 nec
620 1449 667 1482 sit
686 1448 777 1481 mihi
797 1460 882 1482 cura
900 1448 1046 1482 mederi.

141 1503 275 1537 Ducite
293 1503 339 1536 ab
357 1503 447 1536 urbe
462 1502 624 1545 domum,
645 1513 727 1535 mea
745 1501 916 1544 carmina,
939 1501 1061 1535 ducite
1080 1501 1263 1546 Daphnin.

142 1555 222 1590 Has
242 1556 329 1589 olim
348 1555 497 1589 exuvias
516 1555 607 1588 mihi
625 1555 786 1598 perfidus
804 1555 865 1588 ille
884 1555 1046 1598 reliquit,

141 1609 301 1653 Pignora
320 1620 401 1642 cara
419 1609 475 1642 sui
492 1622 500 1650 ;
529 1620 611 1652 quae
630 1620 728 1641 nunc
747 1619 812 1652 ego
830 1607 955 1641 limine
974 1608 1013 1641 in
1032 1608 1122 1652 ipso,

143 1661 264 1705 Terra,
286 1662 355 1695 tibi
373 1661 507 1695 mando
525 1674 531 1696 :
561 1661 698 1695 debent
716 1661 794 1694 haec
813 1661 963 1705 pignora
982 1661 1167 1705 Daphnin.

141 1714 275 1749 Ducite
294 1715 340 1748 ab
358 1715 447 1748 urbe
466 1715 628 1757 domum,
650 1726 732 1747 mea
751 1715 925 1756 carmina,
945 1714 1067 1748 ducite
1082 1714 1266 1759 Daphnin.

149 1767 222 1801 Has
240 1768 381 1811 herbas,
403 1770 514 1812 atque
533 1768 611 1801 haec
630 1767 751 1800 Ponto
769 1767 860 1800 mihi
878 1767 973 1801 lecta
991 1779 1142 1812 venena,

149 1820 226 1864 [pse
245 1821 347 1855 dedit
366 1821 495 1854 Moeris
513 1834 519 1855 :
548 1823 749 1854 nascuntur
766 1820 924 1864 plurima
943 1820 1073 1855 Ponto.

148 1872 214 1907 His
233 1885 298 1918 ego
317 1886 411 1918 saepe
431 1874 560 1917 lupum
579 1874 668 1917 fieri,
692 1876 728 1906 et
747 1885 784 1906 se
804 1873 957 1907 condere
977 1873 1100 1917 sylvis,

142 1925 291 1970 Moerin,
314 1938 406 1971 saepe
426 1927 565 1960 animas
583 1927 666 1960 imis
685 1926 802 1960 excire
818 1926 1027 1970 sepulchris,

142 1981 266 2024 Atque
285 1983 380 2013 satas
399 1980 469 2013 alio
488 1980 565 2013 vidi
582 1980 771 2013 traducere
791 1991 932 2013 messes.

141 2033 274 2067 Ducite
293 2033 338 2066 ab
352 2033 442 2066 urbe
461 2033 623 2077 domum,
645 2044 726 2066 mea
744 2033 914 2075 carmina,
937 2032 1060 2066 ducite
1078 2032 1263 2077 Daphnin.

141 2086 212 2121 Fer
231 2086 379 2129 cineres,
402 2086 594 2130 Amarylli,
617 2086 724 2129 foras,
746 2086 898 2129 rivoque
913 2085 1055 2129 fluenti,

141 2139 327 2182 Transque
347 2141 467 2182 caput,
486 2139 566 2183 jace
586 2153 594 2180 3
623 2150 689 2172 nec
707 2139 906 2182 respexeris
927 2151 934 2173 ε
963 2138 1020 2172 his
1039 2150 1104 2182 ego
1123 2138 1297 2183 Daphnin

147 2192 342 2236 Aggrediar
358 2204 366 2233 3
395 2192 486 2225 nihil
505 2192 566 2225 ille
586 2192 684 2235 deos,
698 2192 752 2225 nil
771 2192 930 2226 carmina
948 2194 1061 2225 curat.

139 2243 273 2279 Ducite
292 2244 338 2277 ab
357 2245 446 2277 urbe
466 2245 628 2288 domum,
650 2257 730 2278 mea
749 2245 920 2287 carmina,
940 2244 1061 2278 ducite
1081 2244 1265 2288 Daphnin.

139 2298 297 2341 Adspice
316 2309 322 2331 :
352 2297 524 2341 corripuit
543 2298 709 2331 tremulis
727 2298 855 2331 altaria
874 2297 1028 2331 flammis

140 2351 276 2394 Sponte
296 2351 374 2392 sua,
397 2349 486 2382 dum
505 2350 598 2384 ferre
617 2362 749 2393 moror,
772 2350 862 2384 cinis
881 2350 965 2393 ipse.
1026 2350 1173 2384 Bonum
1192 2349 1239 2383 sit
1255 2351 1264 2385 Ξ

138 2403 272 2438 Nescio
292 2401 383 2446 quid
403 2405 498 2437 certe
517 2406 571 2437 cst
591 2417 600 2446 3
628 2406 665 2437 et
684 2403 809 2448 Hylax
829 2403 868 2436 in
882 2402 1007 2436 limine
1026 2403 1145 2437 latrat.

1433 439 1457 461 ⁷·

1434 704 1460 728 75

1420 2030 1459 2052 10⁰

1418 2294 1457 2315 1⁶1⁵
