1559 2584
166 53 244 92 16ss

637 64 823 95 Vnicum
853 63 1007 94 ῘΕΝΕΪΞ,

268 153 366 195 Quas
384 152 436 188 ibi
454 156 534 188 tum
553 155 648 188 ferro
666 157 815 199 strages,
837 166 920 199 quae
938 155 1069 189 funera
1088 154 1232 189 Turnus

269 206 438 240 Ediderit
455 220 463 248 ;
492 217 602 251 quem
622 208 777 251 quisque
796 206 917 241 virum
937 207 1123 241 demiserit
1144 208 1237 242 Orco
1258 221 1267 250 ;

267 257 317 293 Et
336 269 480 293 mecum
498 261 664 304 ingentes
683 272 763 294 oras
782 260 939 294 evolvite
957 260 1063 295 belli:

269 311 318 346 Et
338 313 556 346 meministis
576 311 685 357 enim,
708 313 827 356 Divae,
850 316 887 347 et
905 324 1104 347 memorare
1124 312 1288 357 potestis,

268 365 392 399 Turris
411 369 489 399 erat
509 370 612 400 vasto
633 369 804 410 suspectu
823 369 860 400 et
879 366 1052 410 pontibus
1071 367 1168 409 altis,

268 418 485 462 Opportuna
503 420 603 460 loco;
631 419 782 453 summis
802 431 912 463 quam
932 419 1070 452 viribus
1091 430 1216 452 omnes

268 470 488 515 Expugnare
507 472 606 515 Itali,
629 475 845 516 summaque
866 475 1028 506 evertere
1048 483 1159 515 opum
1177 471 1216 505 vi

269 522 468 558 Certabant
486 538 493 560 :
523 524 631 559 Troes
650 528 777 559 contra
796 526 905 559 defen
921 525 992 558 lere
1012 524 1119 567 saxis,

268 577 412 622 Perque
432 590 537 612 cavas
556 578 659 612 densi
677 579 752 612 tela
770 577 979 622 intorquere
998 578 1184 612 fenestras.

269 628 444 675 Princeps
464 630 654 665 ardentem
674 631 829 675 conjecit
848 631 1019 675 lampada
1039 631 1195 673 Turnus,

269 681 317 717 Et
338 684 521 718 flammam
540 685 654 718 affixit
673 684 780 718 lateri
800 698 807 725 ;
837 696 920 728 quae
942 683 1102 728 plurima
1122 686 1233 717 vento

269 736 453 781 Corripuit
472 737 629 781 tabulas,
652 741 689 771 et
708 737 872 782 postibus
891 737 999 770 haesit
1018 737 1144 771 adesis.

271 790 423 824 Turbati
442 791 624 834 trepidare
644 791 757 834 intus,
779 791 987 834 frustraque
1006 789 1186 824 malorum

269 841 376 877 Velle
396 844 529 887 fugam.
590 844 689 877 Dum
709 855 745 877 se
765 844 977 888 glomerant,
1001 846 1172 886 retroque
1191 840 1360 876 residunt

270 894 315 929 In
335 899 488 940 partem,
511 908 593 941 quae
613 900 713 940 peste
734 901 830 931 caret
848 910 856 938 3
885 899 967 930 tum
986 896 1145 940 pondere
1165 897 1276 929 turris

271 948 473 983 Procubuit
493 951 626 993 subito,
650 953 686 983 et
706 950 840 983 coelum
859 952 964 983 tonat
985 961 1092 982 omne
1112 949 1264 993 fragore.

270 1001 473 1036 Semineces
492 1003 537 1036 ad
558 1005 702 1045 terram,
727 1002 879 1036 immani
897 1003 992 1036 mole
1013 1005 1148 1045 secuta,

272 1055 489 1099 Confixique
509 1056 584 1089 suis
604 1055 699 1098 telis,
723 1058 759 1089 et
779 1058 926 1099 pectora
945 1055 1039 1089 duro

271 1108 475 1142 Transfossi
494 1109 605 1152 ligno,
627 1108 783 1142 veniunt
802 1121 808 1143 :
837 1108 901 1142 Vix
920 1119 1017 1142 unus
1037 1106 1211 1151 Helenor,

272 1160 321 1195 Et
341 1161 461 1206 Lycus
480 1162 592 1205 elapsi
609 1175 616 1203 ;
646 1172 802 1205 quorum
820 1162 1017 1205 primaevus
1037 1160 1210 1204 Helenor,

271 1213 432 1248 Maeonio
451 1215 527 1258 regi
546 1226 655 1259 quem
675 1225 779 1248 serva
799 1214 987 1258 Lycimnia
1005 1215 1135 1248 furtim

272 1267 490 1311 Sustulerat,
515 1269 711 1312 vetitisque
733 1268 780 1302 ad
799 1267 945 1311 Trojam
963 1267 1110 1301 miserat
1130 1267 1250 1310 armis,

271 1319 368 1354 Ense
388 1321 478 1354 levis
497 1321 609 1364 nudo,
632 1323 832 1365 parmaque
852 1321 1027 1365 inglorius
1047 1321 1140 1355 alba.

272 1373 395 1418 Isque,
417 1375 481 1408 ubi
502 1386 538 1408 se
559 1374 673 1408 Turni
692 1375 812 1408 media
830 1374 926 1408 inter
945 1374 1060 1407 millia
1079 1373 1187 1418 vidit,

273 1427 373 1461 Hinc
392 1427 497 1470 acies,
521 1430 632 1471 atque
651 1428 737 1461 hinc
757 1427 849 1461 acies
868 1430 986 1461 astare
1007 1426 1169 1470 Latinas,

273 1479 326 1514 Ut
345 1481 433 1523 fera,
456 1492 538 1524 quae
558 1481 672 1514 densa
691 1482 891 1514 venantum
912 1483 1015 1524 septa
1034 1482 1167 1514 corona

273 1533 408 1567 Contra
425 1534 500 1567 tela
518 1534 620 1577 furit,
643 1545 791 1578 seseque
810 1533 909 1567 haud
929 1534 1049 1567 nescia
1066 1532 1179 1567 morti

273 1585 411 1631 lnjicit,
435 1590 471 1620 et
491 1587 587 1620 saltu
606 1599 715 1631 snpra
735 1587 914 1621 venabula
932 1587 1050 1620 fertur
1067 1599 1073 1620 :

273 1639 386 1674 Haud
405 1641 512 1673 aliter
525 1640 674 1683 juvenis
692 1640 831 1674 medios
849 1639 1049 1673 moriturus
1067 1639 1105 1673 in
1125 1639 1247 1673 hostes

273 1693 401 1736 Irruit‚
424 1696 461 1727 et
481 1705 554 1737 qua
573 1694 647 1727 tela
666 1693 767 1727 videt
785 1693 999 1727 densissima
1017 1693 1147 1727 tendit.

272 1747 324 1780 At
344 1747 497 1791 pedibus
516 1747 622 1789 longo
642 1745 770 1780 melior
789 1747 908 1790 Lycus
928 1746 1024 1779 inter
1043 1748 1079 1779 et
1098 1746 1221 1779 hostes

272 1799 378 1833 Inter
397 1802 433 1833 et
453 1811 553 1833 arma
572 1801 659 1843 fuga
674 1811 795 1833 muros
814 1802 937 1841 tenet;
966 1800 1113 1843 altaque
1133 1799 1248 1832 certat

274 1853 457 1887 Prendere
477 1856 575 1887 tecta
595 1864 707 1886 manu
728 1853 939 1897 sociumque
959 1853 1140 1896 attingere
1160 1851 1327 1886 dextras:

274 1906 391 1947 Quem
411 1907 568 1950 Turnus,
591 1906 727 1950 pariter
747 1918 854 1940 cursu
873 1906 1021 1950 teloque
1041 1908 1200 1946 secutus,

275 1959 444 2004 Increpat
463 1959 520 1993 his
540 1960 658 1993 victor
678 1972 684 1994 :
718 1961 742 1977 “
757 1959 794 1992 N
798 1962 960 1993 ostrasue
980 1959 1146 2001 evadere,
1169 1958 1330 2000 demens,

274 2013 436 2057 Sperasti
455 2016 492 2047 te
511 2025 614 2057 posse
633 2024 763 2046 manus
781 2013 792 2046 2
807 2012 827 2028 ''
856 2012 965 2046 simul
983 2012 1110 2056 arripit
1129 2012 1249 2054 ipsum

276 2066 516 2109 Pendentem,
540 2069 576 2100 et
595 2068 728 2110 magna
746 2066 843 2099 muri
862 2077 945 2099 cum
964 2067 1066 2109 parte
1086 2064 1229 2098 revellit
1249 2076 1256 2098 t

275 2119 402 2160 Qualis
421 2119 486 2153 ubi
505 2122 569 2153 aut
589 2119 749 2163 leporem
768 2121 833 2152 aut
854 2118 1025 2152 candenti
1044 2128 1191 2161 corpore
1211 2127 1367 2159 cycnum

275 2172 434 2206 Sustulit
454 2173 530 2206 alta
548 2175 675 2217 petens
695 2172 849 2216 pedibus
868 2172 894 2205 J
898 2172 975 2205 ovis
994 2171 1148 2214 armiger
1167 2169 1270 2203 uncis
1290 2182 1297 2203 z

275 2225 479 2266 Quaesitum
499 2229 565 2259 aut
583 2225 692 2259 matri
709 2225 837 2259 multis
854 2225 1037 2259 balatibus
1056 2234 1191 2267 agnum

275 2278 436 2312 Martius
454 2290 475 2312 a
494 2279 647 2312 stabulis
666 2279 788 2322 rapuit
806 2279 923 2322 lupus.
986 2277 1160 2320 Undique
1180 2275 1316 2309 clamor

276 2332 431 2366 Tollitur
448 2344 455 2366 :
485 2332 680 2375 invadunt,
704 2335 741 2365 et
761 2331 874 2365 fossas
893 2341 1021 2375 aggere
1041 2329 1224 2373 complent
1243 2340 1249 2362 :

1441 361 1484 384 ⁵³0

1441 627 1485 648 535

1444 893 1486 912 540

1445 1157 1488 1177 545

1446 1424 1490 1443 550

1448 1689 1490 1709 555

1449 1954 1492 1975 560

1450 2220 1492 2240 ⁵6⁵
