1559 2584
124 90 188 147 “60

622 116 809 144 VIRGILII
838 117 992 144 AEN131S.

242 207 545 250 Frondentesque
564 205 689 239 ferunt
708 217 837 249 remos,
861 208 899 240 et
917 205 1047 240 robora
1064 206 1177 251 sylvis

243 260 478 303 Iusabrimta,
501 259 598 302 fugae
617 258 749 293 studio.

244 313 448 357 Migrantes
467 323 603 355 cernas,
625 314 778 356 totaque
799 323 845 346 ex
863 311 953 346 urbe
972 315 1121 347 ruentes
1138 325 1145 348 :

247 367 303 401 Ae
322 365 439 400 veluti
457 366 645 409 ingentem
662 365 823 399 formieae
841 364 946 399 farris
965 377 1134 400 acervum

248 419 371 461 Quum
390 419 582 463 populant,
599 418 729 452 hiemis
747 430 936 461 memareS,
958 421 1129 462 tectoque
1147 422 1342 464 reponunt,

247 473 284 506 lt
299 473 445 516 nigrum
466 472 600 515 eampis
619 483 762 515 agmen,
784 471 1021 515 praedamque
1041 484 1104 516 per
1121 472 1252 506 herbas

246 526 475 560 Convectant
494 524 584 558 ealle
604 528 760 569 angusto
777 537 786 566 ;
814 536 897 569 pars
916 525 1068 568 grandia
1086 525 1245 560 trudunt

246 578 402 613 Obnixae
420 579 607 612 frumenta
625 578 788 611 humeris
806 591 814 619 3
842 589 925 622 pars
943 577 1089 622 agmina
1108 581 1257 623 cogunt,

247 632 509 676 Castigautque
528 643 647 665 moras
665 644 671 666 :
702 643 808 676 opere
829 631 946 664 omnis
965 631 1095 665 semita
1113 632 1240 666 fervet.

302 685 391 726 Quis
410 685 479 719 tibi
498 687 600 728 tune,
623 684 732 728 Dido,
756 685 919 718 cernenti
932 685 1022 718 talia
1042 696 1168 720 sensus
1184 685 1196 719 2

249 739 393 781 Quosve
409 738 520 772 dabas
539 738 711 782 gemitus,
734 750 849 782 quum
868 739 995 771 littora
1014 738 1155 772 fervere
1176 739 1250 772 late

247 792 475 836 Prospieeres
494 803 573 825 arce
593 803 639 825 ex
658 794 810 835 summa,
832 794 1026 835 totumque
1049 791 1187 826 videres

248 845 397 880 Misceri
415 847 500 879 ante
521 845 644 878 oeulos
663 845 778 878 tantis
798 845 1015 878 clamoribus
1034 845 1186 889 aequor?

248 899 419 943 Improbe
439 910 551 941 amor,
575 898 664 942 quid
684 910 758 931 nen
778 898 946 931 mortalia
960 900 1108 942 pectora
1127 899 1250 943 cogis?

247 952 307 986 Ire
322 952 455 985 iterum
474 951 511 984 in
532 952 722 995 lacrymas,
744 951 880 984 iterum
898 953 1042 985 tentare
1061 952 1242 996 precando

248 1005 411 1049 Cogitur,
429 1008 465 1038 et
485 1005 638 1048 supplex
657 1004 796 1038 animos
816 1004 1031 1038 submittere
1051 1005 1165 1038 amori
1183 1018 1190 1046 ;

248 1058 308 1092 Ne
329 1058 419 1102 quid
437 1058 682 1101 inexpertum,
699 1057 838 1091 frustra
853 1057 1044 1101 moritura,
1065 1058 1261 1102 relinquat.

252 1113 278 1130 ‘⁴
291 1112 414 1154 Anna,
435 1111 539 1145 vides
558 1113 639 1144 toto
658 1110 843 1154 properari
862 1110 986 1144 littore
1005 1124 1012 1152 ;
1042 1111 1177 1145 circum

249 1164 425 1208 Undique
446 1164 645 1198 convenere
663 1176 671 1205 3
700 1167 807 1197 vocat
822 1163 902 1207 jam
922 1164 1090 1197 carbasus
1110 1176 1216 1198 auras
1234 1177 1242 1207 3

249 1218 442 1262 Puppibus
462 1220 499 1250 et
518 1217 596 1250 laeti
614 1219 739 1250 nautae
758 1216 963 1261 imposuere
983 1228 1143 1251 coronas.

250 1271 363 1305 Hunc
383 1282 449 1314 ego
469 1271 499 1304 si
517 1270 622 1314 potui
642 1272 789 1304 tantum
810 1281 951 1314 sperare
971 1270 1146 1314 dolorem,

251 1324 301 1358 Et
320 1325 492 1368 perferre,
516 1335 628 1367 soror,
651 1326 778 1367 potero
798 1336 804 1358 :
833 1324 973 1357 miser-<e
993 1323 1061 1358 hoc
1080 1327 1201 1358 tamen
1223 1336 1341 1358 unum

249 1378 470 1422 Exsequere,
494 1378 615 1420 Anna,
638 1376 729 1410 mihi
747 1390 752 1411 :
782 1377 897 1410 solim
917 1388 1001 1410 nam
1020 1377 1180 1422 perfidus
1196 1378 1258 1412 ille

251 1431 301 1465 Te
321 1431 449 1474 colere,
472 1442 622 1464 arcanos
641 1430 752 1467 etiam
772 1430 841 1463 tibi
861 1430 1004 1464 credere
1025 1442 1151 1465 seusus
1168 1444 1177 1473 3

251 1485 337 1519 Sola
356 1484 425 1517 viri
444 1484 572 1517 molles
592 1483 715 1517 aditus
735 1486 773 1517 et
791 1485 956 1527 tempora
970 1484 1086 1518 noras

251 1537 285 1581 Ι,
308 1549 421 1581 soror,
444 1540 556 1581 atque
576 1536 719 1570 hostem
739 1537 894 1580 supplex
913 1537 1021 1570 affare
1041 1537 1247 1582 superbum.

251 1590 290 1624 N
293 1603 340 1625 on
361 1602 425 1634 ego
446 1602 529 1624 cum
548 1590 685 1623 Danais
705 1589 899 1633 'frojanam
919 1590 1129 1624 exscindere
1147 1593 1295 1635 gentem

251 1644 387 1678 Aulide
406 1643 541 1688 juravi,
565 1643 760 1676 classemve
781 1643 826 1676 ad
847 1642 1025 1686 Pergama
1043 1644 1125 1677 misi
1143 1658 1150 1685 ;

252 1697 290 1731 N
294 1709 333 1731 ec
353 1697 467 1741 patris
487 1696 659 1731 Anchisae
680 1696 817 1729 eineres
836 1708 1007 1730 manesve
1026 1697 1152 1731 revelli
1172 1710 1179 1732 :

258 1750 332 1784 Cur
351 1762 431 1784 mea
451 1750 549 1784 dieta
568 1752 678 1793 negat
699 1750 807 1783 duras
827 1749 1021 1784 demittere
1041 1750 1079 1784 in
1099 1762 1203 1784 aures
1220 1750 1232 1784 2

254 1804 336 1845 Quo
357 1804 432 1837 ruit
448 1804 459 1837 2
488 1806 694 1837 extremum
713 1802 782 1836 hoe
801 1803 943 1836 miserae
962 1803 1025 1837 det
1043 1815 1178 1837 munus
1197 1804 1335 1838 amanti
1353 1816 1360 1839 :

253 1857 452 1902 Exspeetet
472 1857 689 1901 facilemque
709 1856 836 1900 fugam
855 1859 1059 1901 ventosque
1078 1857 1246 1891 ferentes.

254 1911 292 1944 N
296 1923 342 1945 on
359 1911 437 1955 jam
458 1910 670 1954 eonjugium
690 1910 900 1954 antiquum,
924 1911 1022 1954 quod
1041 1910 1214 1955 prodidit,
1238 1921 1301 1944 oro
1319 1923 1327 1951 ;

253 1964 293 1998 N
295 1976 334 1998 ee
354 1964 506 2008 pulchro
526 1966 569 1997 ut
589 1963 695 1997 Latio
715 1965 846 2006 careat,
869 1975 1094 2008 regnumque
1113 1964 1296 2008 relinquat
1314 1976 1322 1998 ;

254 2018 413 2062 Tempus
428 2018 536 2051 inane
556 2019 654 2061 peto,
676 2016 840 2060 requiem
859 2017 1091 2062 spatiumque
1111 2017 1227 2051 furori
1245 2030 1254 2059 ;

255 2071 355 2105 Dum
375 2082 456 2105 mea
474 2082 533 2104 me
554 2070 687 2104 vietam
708 2069 838 2103 doceat
857 2070 1006 2104 fortuna
1024 2071 1155 2105 dolere.

255 2124 469 2159 Extremam
488 2124 582 2157 hane
601 2134 664 2157 oro
684 2123 840 2166 veniam,
865 2123 1048 2167 (miserere
1067 2123 1199 2159 sororis
1217 2124 1253 2168 !),

257 2177 375 2219 Quam
395 2177 484 2211 mihi
505 2188 621 2221 quum
641 2176 795 2219 dederis,
819 2177 1044 2211 cumulatam
1064 2179 1181 2212 morte
1199 2176 1395 2211 remittam.
1405 2176 1424 2193 ''

258 2231 406 2264 Talibus
427 2230 566 2273 orabat,
588 2230 753 2274 talesque
773 2229 975 2263 miserrima
993 2231 1100 2263 fletus

257 2283 419 2328 Fertque
439 2284 624 2327 refertque
643 2294 743 2317 soror
764 2295 770 2317 :
800 2282 863 2316 sed
882 2283 993 2316 nullis
1011 2283 1072 2317 ille
1092 2285 1262 2318 movetur

258 2337 437 2380 Fletibus,
461 2339 525 2370 aut
545 2348 650 2370 voees
669 2336 763 2370 ullas
782 2336 984 2370 tractabilis
1003 2336 1115 2371 audit.

259 2391 352 2425 Fata
372 2390 533 2434 obstant,
556 2389 788 2434 placidasque
808 2388 877 2423 viri
897 2389 997 2424 Deus
1017 2390 1174 2425 obstruit
1194 2401 1308 2426 aures

1423 257 1466 278 400

1425 523 1468 544 405

1427 789 1471 810 410

1431 1055 1472 1076 415

1431 1322 1476 1342 420

1433 1588 1476 1608 42⁵

1433 1854 1476 1874 ⁴30

1434 2121 1474 2141 435

1433 2387 1475 2409 440
