<?xml version="1.0" encoding="UTF-8"?>
<!DOCTYPE html PUBLIC "-//W3C//DTD XHTML 1.0 Transitional//EN"
    "http://www.w3.org/TR/xhtml1/DTD/xhtml1-transitional.dtd">
<html xmlns="http://www.w3.org/1999/xhtml" xml:lang="en" lang="en">
 <head>
  <title>
</title>
<meta http-equiv="Content-Type" content="text/html;charset=utf-8" />
  <meta name='ocr-system' content='tesseract 3.04.00' />
  <meta name='ocr-capabilities' content='ocr_page ocr_carea ocr_par ocr_line ocrx_word'/>
</head>
<body>
  <div class='ocr_page' id='page_1' title='image "./operavir00virguoft_0327.png"; bbox 0 0 1528 2569; ppageno 0'>
   <div class='ocr_carea' id='block_1_1' title="bbox 0 1743 5 2569">
    <p class='ocr_par' dir='ltr' id='par_1_1' title="bbox 0 1743 5 2569">
     <span class='ocr_line' id='line_1_1' title="bbox 0 1743 5 2569; baseline 0 0"><span class='ocrx_word' id='word_1_1' title='bbox 0 1743 5 2569; x_wconf 95' lang='lat' dir='ltr'> </span> 
     </span>
    </p>
   </div>
   <div class='ocr_carea' id='block_1_2' title="bbox 636 59 1415 96">
    <p class='ocr_par' dir='ltr' id='par_1_2' title="bbox 636 59 1415 96">
     <span class='ocr_line' id='line_1_2' title="bbox 636 59 1415 96; baseline 0.003 -2"><span class='ocrx_word' id='word_1_2' title='bbox 636 68 771 95; x_wconf 81' lang='lat' dir='ltr'><strong>LIBER</strong></span> <span class='ocrx_word' id='word_1_3' title='bbox 801 67 876 95; x_wconf 84' lang='lat' dir='ltr'>V11.</span> <span class='ocrx_word' id='word_1_4' title='bbox 1337 59 1415 96; x_wconf 77' lang='lat'>129</span> 
     </span>
    </p>
   </div>
   <div class='ocr_carea' id='block_1_3' title="bbox 202 155 1343 2315">
    <p class='ocr_par' dir='ltr' id='par_1_3' title="bbox 209 155 1132 251">
     <span class='ocr_line' id='line_1_3' title="bbox 210 155 1132 200; baseline 0 -10"><span class='ocrx_word' id='word_1_5' title='bbox 210 155 379 199; x_wconf 58' lang='lat' dir='ltr'>Quinque</span> <span class='ocrx_word' id='word_1_6' title='bbox 396 166 519 199; x_wconf 77' lang='lat' dir='ltr'>greges</span> <span class='ocrx_word' id='word_1_7' title='bbox 539 155 593 189; x_wconf 82' lang='lat' dir='ltr'>illi</span> <span class='ocrx_word' id='word_1_8' title='bbox 610 155 812 199; x_wconf 73' lang='lat' dir='ltr'>balantum,</span> <span class='ocrx_word' id='word_1_9' title='bbox 836 155 947 200; x_wconf 83' lang='lat' dir='ltr'>quina</span> <span class='ocrx_word' id='word_1_10' title='bbox 965 155 1132 190; x_wconf 74' lang='lat' dir='ltr'>redibant</span> 
     </span>
     <span class='ocr_line' id='line_1_4' title="bbox 209 209 1116 251; baseline 0 -8"><span class='ocrx_word' id='word_1_11' title='bbox 209 210 397 251; x_wconf 75' lang='lat' dir='ltr'><strong>Armenta,</strong></span> <span class='ocrx_word' id='word_1_12' title='bbox 421 211 459 242; x_wconf 88' lang='lat' dir='ltr'>et</span> <span class='ocrx_word' id='word_1_13' title='bbox 480 210 612 242; x_wconf 83' lang='lat' dir='ltr'>terram</span> <span class='ocrx_word' id='word_1_14' title='bbox 632 211 777 242; x_wconf 83' lang='lat' dir='ltr'>centum</span> <span class='ocrx_word' id='word_1_15' title='bbox 798 209 962 242; x_wconf 75' lang='lat' dir='ltr'>vertebat</span> <span class='ocrx_word' id='word_1_16' title='bbox 979 209 1116 243; x_wconf 72' lang='lat' dir='ltr'>aratris</span> 
     </span>
    </p>

    <p class='ocr_par' dir='ltr' id='par_1_4' title="bbox 208 261 1260 411">
     <span class='ocr_line' id='line_1_5' title="bbox 259 261 1260 306; baseline 0.002 -12"><span class='ocrx_word' id='word_1_17' title='bbox 259 262 382 305; x_wconf 83' lang='lat' dir='ltr'>Atque</span> <span class='ocrx_word' id='word_1_18' title='bbox 392 272 443 298; x_wconf 68' lang='lat' dir='ltr'>„ea</span> <span class='ocrx_word' id='word_1_19' title='bbox 461 272 524 304; x_wconf 87' lang='lat' dir='ltr'>per</span> <span class='ocrx_word' id='word_1_20' title='bbox 543 273 688 305; x_wconf 79' lang='lat' dir='ltr'>campos</span> <span class='ocrx_word' id='word_1_21' title='bbox 707 273 811 306; x_wconf 78' lang='lat' dir='ltr'>aequo</span> <span class='ocrx_word' id='word_1_22' title='bbox 830 261 919 295; x_wconf 90' lang='lat' dir='ltr'>dum</span> <span class='ocrx_word' id='word_1_23' title='bbox 931 261 1052 296; x_wconf 88' lang='lat' dir='ltr'>Marte</span> <span class='ocrx_word' id='word_1_24' title='bbox 1071 264 1260 306; x_wconf 82' lang='lat' dir='ltr'>geruntur,</span> 
     </span>
     <span class='ocr_line' id='line_1_6' title="bbox 208 314 1184 358; baseline 0.001 -11"><span class='ocrx_word' id='word_1_25' title='bbox 208 314 382 348; x_wconf 85' lang='lat' dir='ltr'>Promissi</span> <span class='ocrx_word' id='word_1_26' title='bbox 401 314 478 347; x_wconf 86' lang='lat' dir='ltr'>Dea</span> <span class='ocrx_word' id='word_1_27' title='bbox 496 314 592 347; x_wconf 85' lang='lat' dir='ltr'>facta</span> <span class='ocrx_word' id='word_1_28' title='bbox 610 316 751 358; x_wconf 75' lang='lat' dir='ltr'>potenS,</span> <span class='ocrx_word' id='word_1_29' title='bbox 772 314 836 348; x_wconf 88' lang='lat' dir='ltr'>ubi</span> <span class='ocrx_word' id='word_1_30' title='bbox 855 314 1028 358; x_wconf 83' lang='lat' dir='ltr'>sanguine</span> <span class='ocrx_word' id='word_1_31' title='bbox 1048 315 1184 348; x_wconf 88' lang='lat' dir='ltr'>bellum</span> 
     </span>
     <span class='ocr_line' id='line_1_7' title="bbox 208 366 1074 411; baseline 0.001 -11"><span class='ocrx_word' id='word_1_32' title='bbox 208 367 359 410; x_wconf 86' lang='lat' dir='ltr'>Imbuit,</span> <span class='ocrx_word' id='word_1_33' title='bbox 381 369 418 400; x_wconf 87' lang='lat' dir='ltr'>et</span> <span class='ocrx_word' id='word_1_34' title='bbox 438 366 564 410; x_wconf 86' lang='lat' dir='ltr'>primae</span> <span class='ocrx_word' id='word_1_35' title='bbox 585 367 764 401; x_wconf 73' lang='lat' dir='ltr'><strong>commisit</strong></span> <span class='ocrx_word' id='word_1_36' title='bbox 783 367 912 401; x_wconf 87' lang='lat' dir='ltr'>funera</span> <span class='ocrx_word' id='word_1_37' title='bbox 929 379 1074 411; x_wconf 75' lang='lat' dir='ltr'>pugnae,</span> 
     </span>
    </p>

    <p class='ocr_par' dir='ltr' id='par_1_5' title="bbox 207 419 1187 465">
     <span class='ocr_line' id='line_1_8' title="bbox 207 419 1187 465; baseline 0 -11"><span class='ocrx_word' id='word_1_38' title='bbox 207 419 351 454; x_wconf 75' lang='lat' dir='ltr'>Deserit</span> <span class='ocrx_word' id='word_1_39' title='bbox 370 419 582 463; x_wconf 78' lang='lat' dir='ltr'>Hesperiam</span> <span class='ocrx_word' id='word_1_40' title='bbox 602 433 610 461; x_wconf 92' lang='lat'>;</span> <span class='ocrx_word' id='word_1_41' title='bbox 639 423 687 463; x_wconf 90' lang='lat' dir='ltr'>et,</span> <span class='ocrx_word' id='word_1_42' title='bbox 710 420 791 454; x_wconf 78' lang='lat' dir='ltr'>coeli</span> <span class='ocrx_word' id='word_1_43' title='bbox 811 431 971 454; x_wconf 80' lang='lat' dir='ltr'>convexa</span> <span class='ocrx_word' id='word_1_44' title='bbox 988 432 1052 465; x_wconf 88' lang='lat' dir='ltr'>per</span> <span class='ocrx_word' id='word_1_45' title='bbox 1069 431 1187 464; x_wconf 83' lang='lat' dir='ltr'>auras,</span> 
     </span>
    </p>

    <p class='ocr_par' dir='ltr' id='par_1_6' title="bbox 207 472 1001 517">
     <span class='ocr_line' id='line_1_9' title="bbox 207 472 1001 517; baseline 0.003 -11"><span class='ocrx_word' id='word_1_46' title='bbox 207 472 235 506; x_wconf 86' lang='lat' dir='ltr'><strong>J</strong></span> <span class='ocrx_word' id='word_1_47' title='bbox 236 483 395 506; x_wconf 87' lang='lat' dir='ltr'>unonem</span> <span class='ocrx_word' id='word_1_48' title='bbox 415 472 546 506; x_wconf 72' lang='lat' dir='ltr'>victrix</span> <span class='ocrx_word' id='word_1_49' title='bbox 565 473 698 506; x_wconf 83' lang='lat' dir='ltr'>affatur</span> <span class='ocrx_word' id='word_1_50' title='bbox 716 485 803 506; x_wconf 83' lang='lat' dir='ltr'>voce</span> <span class='ocrx_word' id='word_1_51' title='bbox 822 473 977 517; x_wconf 73' lang='lat' dir='ltr'>superba</span> <span class='ocrx_word' id='word_1_52' title='bbox 994 485 1001 509; x_wconf 95' lang='lat'><strong>:</strong></span> 
     </span>
    </p>

    <p class='ocr_par' dir='ltr' id='par_1_7' title="bbox 209 525 1020 569">
     <span class='ocr_line' id='line_1_10' title="bbox 209 525 1020 569; baseline 0.001 -11"><span class='ocrx_word' id='word_1_53' title='bbox 209 526 232 544; x_wconf 92' lang='lat'><strong>“</strong></span> <span class='ocrx_word' id='word_1_54' title='bbox 245 525 303 559; x_wconf 90' lang='lat' dir='ltr'>En</span> <span class='ocrx_word' id='word_1_55' title='bbox 322 525 482 569; x_wconf 78' lang='lat' dir='ltr'>perfecta</span> <span class='ocrx_word' id='word_1_56' title='bbox 495 525 564 559; x_wconf 88' lang='lat' dir='ltr'>tibi</span> <span class='ocrx_word' id='word_1_57' title='bbox 582 526 678 559; x_wconf 87' lang='lat' dir='ltr'>bello</span> <span class='ocrx_word' id='word_1_58' title='bbox 698 526 877 559; x_wconf 83' lang='lat' dir='ltr'>discordia</span> <span class='ocrx_word' id='word_1_59' title='bbox 895 526 994 559; x_wconf 86' lang='lat' dir='ltr'>tristi</span> <span class='ocrx_word' id='word_1_60' title='bbox 1012 536 1020 560; x_wconf 72' lang='grc' dir='ltr'><strong><em>ε</em></strong></span> 
     </span>
    </p>

    <p class='ocr_par' dir='ltr' id='par_1_8' title="bbox 204 577 1343 992">
     <span class='ocr_line' id='line_1_11' title="bbox 207 577 1114 623; baseline 0.001 -12"><span class='ocrx_word' id='word_1_61' title='bbox 207 577 287 622; x_wconf 82' lang='lat' dir='ltr'>Dic,</span> <span class='ocrx_word' id='word_1_62' title='bbox 307 577 344 611; x_wconf 91' lang='lat' dir='ltr'>in</span> <span class='ocrx_word' id='word_1_63' title='bbox 364 577 561 612; x_wconf 75' lang='lat' dir='ltr'>amicitiam</span> <span class='ocrx_word' id='word_1_64' title='bbox 580 582 719 622; x_wconf 79' lang='lat' dir='ltr'>coeant,</span> <span class='ocrx_word' id='word_1_65' title='bbox 738 581 775 612; x_wconf 90' lang='lat' dir='ltr'>et</span> <span class='ocrx_word' id='word_1_66' title='bbox 793 579 929 612; x_wconf 77' lang='lat' dir='ltr'>foedera</span> <span class='ocrx_word' id='word_1_67' title='bbox 945 579 1114 623; x_wconf 79' lang='lat' dir='ltr'>jungant.</span> 
     </span>
     <span class='ocr_line' id='line_1_12' title="bbox 207 630 1252 676; baseline 0.001 -12"><span class='ocrx_word' id='word_1_68' title='bbox 207 630 511 674; x_wconf 86' lang='lat' dir='ltr'>Quandoquidem</span> <span class='ocrx_word' id='word_1_69' title='bbox 530 631 693 665; x_wconf 88' lang='lat' dir='ltr'>Ausonio</span> <span class='ocrx_word' id='word_1_70' title='bbox 720 632 872 675; x_wconf 75' lang='lat' dir='ltr'>respersi</span> <span class='ocrx_word' id='word_1_71' title='bbox 890 632 1064 675; x_wconf 79' lang='lat' dir='ltr'>sanguine</span> <span class='ocrx_word' id='word_1_72' title='bbox 1085 632 1252 676; x_wconf 82' lang='lat' dir='ltr'>Teucros,</span> 
     </span>
     <span class='ocr_line' id='line_1_13' title="bbox 205 683 1201 726; baseline 0.002 -10"><span class='ocrx_word' id='word_1_73' title='bbox 205 684 288 717; x_wconf 89' lang='lat' dir='ltr'>Hoc</span> <span class='ocrx_word' id='word_1_74' title='bbox 305 684 415 717; x_wconf 88' lang='lat' dir='ltr'>etiam</span> <span class='ocrx_word' id='word_1_75' title='bbox 434 684 491 717; x_wconf 88' lang='lat' dir='ltr'>his</span> <span class='ocrx_word' id='word_1_76' title='bbox 509 683 653 726; x_wconf 82' lang='lat' dir='ltr'>addam,</span> <span class='ocrx_word' id='word_1_77' title='bbox 676 687 741 717; x_wconf 85' lang='lat' dir='ltr'>tua</span> <span class='ocrx_word' id='word_1_78' title='bbox 760 684 790 717; x_wconf 88' lang='lat' dir='ltr'>si</span> <span class='ocrx_word' id='word_1_79' title='bbox 808 684 898 717; x_wconf 86' lang='lat' dir='ltr'>mihi</span> <span class='ocrx_word' id='word_1_80' title='bbox 916 687 1013 718; x_wconf 77' lang='lat' dir='ltr'>ceita</span> <span class='ocrx_word' id='word_1_81' title='bbox 1032 685 1201 718; x_wconf 81' lang='lat' dir='ltr'>voluntas</span> 
     </span>
     <span class='ocr_line' id='line_1_14' title="bbox 205 736 1061 780; baseline 0.001 -11"><span class='ocrx_word' id='word_1_82' title='bbox 205 736 399 770; x_wconf 80' lang='lat' dir='ltr'>Finitimas</span> <span class='ocrx_word' id='word_1_83' title='bbox 417 736 456 770; x_wconf 91' lang='lat' dir='ltr'>in</span> <span class='ocrx_word' id='word_1_84' title='bbox 474 736 569 770; x_wconf 82' lang='lat' dir='ltr'>bella</span> <span class='ocrx_word' id='word_1_85' title='bbox 587 737 700 770; x_wconf 83' lang='lat' dir='ltr'>feram</span> <span class='ocrx_word' id='word_1_86' title='bbox 719 737 925 770; x_wconf 73' lang='lat' dir='ltr'>rumoribus</span> <span class='ocrx_word' id='word_1_87' title='bbox 943 737 1061 780; x_wconf 83' lang='lat' dir='ltr'>urbes,</span> 
     </span>
     <span class='ocr_line' id='line_1_15' title="bbox 204 788 1080 832; baseline 0 -10"><span class='ocrx_word' id='word_1_88' title='bbox 204 788 482 832; x_wconf 86' lang='lat' dir='ltr'>Accendamque</span> <span class='ocrx_word' id='word_1_89' title='bbox 502 789 640 823; x_wconf 88' lang='lat' dir='ltr'>animos</span> <span class='ocrx_word' id='word_1_90' title='bbox 658 789 778 823; x_wconf 77' lang='lat' dir='ltr'>insani</span> <span class='ocrx_word' id='word_1_91' title='bbox 796 789 928 823; x_wconf 85' lang='lat' dir='ltr'>Martis</span> <span class='ocrx_word' id='word_1_92' title='bbox 946 801 1080 832; x_wconf 77' lang='lat' dir='ltr'>amore,</span> 
     </span>
     <span class='ocr_line' id='line_1_16' title="bbox 206 841 1343 887; baseline 0.002 -12"><span class='ocrx_word' id='word_1_93' title='bbox 206 841 378 886; x_wconf 87' lang='lat' dir='ltr'>Undique</span> <span class='ocrx_word' id='word_1_94' title='bbox 396 845 440 875; x_wconf 92' lang='lat' dir='ltr'>ut</span> <span class='ocrx_word' id='word_1_95' title='bbox 459 842 595 875; x_wconf 72' lang='lat' dir='ltr'>auxiiio</span> <span class='ocrx_word' id='word_1_96' title='bbox 615 842 764 876; x_wconf 82' lang='lat' dir='ltr'>veniant</span> <span class='ocrx_word' id='word_1_97' title='bbox 785 855 791 876; x_wconf 92' lang='lat'><strong>:</strong></span> <span class='ocrx_word' id='word_1_98' title='bbox 821 853 984 886; x_wconf 83' lang='lat' dir='ltr'>spargem</span> <span class='ocrx_word' id='word_1_99' title='bbox 1003 853 1103 876; x_wconf 83' lang='lat' dir='ltr'>arma</span> <span class='ocrx_word' id='word_1_100' title='bbox 1121 854 1185 886; x_wconf 86' lang='lat' dir='ltr'>per</span> <span class='ocrx_word' id='word_1_101' title='bbox 1204 843 1343 887; x_wconf 60' lang='lat' dir='ltr'>agros’&#39;</span> 
     </span>
     <span class='ocr_line' id='line_1_17' title="bbox 206 892 1333 937; baseline 0.002 -9"><span class='ocrx_word' id='word_1_102' title='bbox 206 892 302 929; x_wconf 88' lang='lat' dir='ltr'>Tum</span> <span class='ocrx_word' id='word_1_103' title='bbox 322 897 447 928; x_wconf 86' lang='lat' dir='ltr'>contra</span> <span class='ocrx_word' id='word_1_104' title='bbox 466 894 493 928; x_wconf 84' lang='lat' dir='ltr'><strong>J</strong></span> <span class='ocrx_word' id='word_1_105' title='bbox 493 906 590 930; x_wconf 89' lang='lat' dir='ltr'>uno:</span> <span class='ocrx_word' id='word_1_106' title='bbox 624 895 647 913; x_wconf 87' lang='lat'>“</span> <span class='ocrx_word' id='word_1_107' title='bbox 663 893 857 929; x_wconf 79' lang='lat' dir='ltr'>Ten-orum</span> <span class='ocrx_word' id='word_1_108' title='bbox 877 897 913 928; x_wconf 90' lang='lat' dir='ltr'>et</span> <span class='ocrx_word' id='word_1_109' title='bbox 931 895 1069 929; x_wconf 81' lang='lat' dir='ltr'>fraudis</span> <span class='ocrx_word' id='word_1_110' title='bbox 1088 895 1234 930; x_wconf 84' lang='lat' dir='ltr'>abunde</span> <span class='ocrx_word' id='word_1_111' title='bbox 1254 899 1308 930; x_wconf 87' lang='lat' dir='ltr'>est</span> <span class='ocrx_word' id='word_1_112' title='bbox 1325 909 1333 937; x_wconf 92' lang='lat'>;</span> 
     </span>
     <span class='ocr_line' id='line_1_18' title="bbox 206 948 1114 992; baseline 0.001 -11"><span class='ocrx_word' id='word_1_113' title='bbox 206 948 313 981; x_wconf 80' lang='lat' dir='ltr'>Stant</span> <span class='ocrx_word' id='word_1_114' title='bbox 332 948 417 981; x_wconf 78' lang='lat' dir='ltr'>beni</span> <span class='ocrx_word' id='word_1_115' title='bbox 437 959 553 981; x_wconf 83' lang='lat' dir='ltr'>causae</span> <span class='ocrx_word' id='word_1_116' title='bbox 571 961 577 982; x_wconf 94' lang='lat'>:</span> <span class='ocrx_word' id='word_1_117' title='bbox 607 951 792 992; x_wconf 81' lang='lat' dir='ltr'>pugnatur</span> <span class='ocrx_word' id='word_1_118' title='bbox 810 948 977 982; x_wconf 88' lang='lat' dir='ltr'>cominus</span> <span class='ocrx_word' id='word_1_119' title='bbox 996 948 1114 982; x_wconf 73' lang='lat' dir='ltr'>armis</span> 
     </span>
    </p>

    <p class='ocr_par' dir='ltr' id='par_1_9' title="bbox 205 1000 1247 1151">
     <span class='ocr_line' id='line_1_19' title="bbox 207 1000 1247 1045; baseline 0.001 -11"><span class='ocrx_word' id='word_1_120' title='bbox 207 1000 296 1041; x_wconf 82' lang='lat' dir='ltr'>Quae</span> <span class='ocrx_word' id='word_1_121' title='bbox 315 1001 389 1034; x_wconf 85' lang='lat' dir='ltr'>fors</span> <span class='ocrx_word' id='word_1_122' title='bbox 407 1001 523 1044; x_wconf 86' lang='lat' dir='ltr'>prima</span> <span class='ocrx_word' id='word_1_123' title='bbox 542 1001 655 1043; x_wconf 83' lang='lat' dir='ltr'>dedit,</span> <span class='ocrx_word' id='word_1_124' title='bbox 677 1001 822 1045; x_wconf 82' lang='lat' dir='ltr'>sanguis</span> <span class='ocrx_word' id='word_1_125' title='bbox 836 1012 954 1034; x_wconf 87' lang='lat' dir='ltr'>novus</span> <span class='ocrx_word' id='word_1_126' title='bbox 971 1001 1116 1045; x_wconf 83' lang='lat' dir='ltr'>imbuit,</span> <span class='ocrx_word' id='word_1_127' title='bbox 1139 1013 1247 1036; x_wconf 85' lang='lat' dir='ltr'>arina.</span> 
     </span>
     <span class='ocr_line' id='line_1_20' title="bbox 205 1054 1105 1097; baseline 0 -10"><span class='ocrx_word' id='word_1_128' title='bbox 205 1054 306 1087; x_wconf 84' lang='lat' dir='ltr'>Talia</span> <span class='ocrx_word' id='word_1_129' title='bbox 324 1054 505 1087; x_wconf 87' lang='lat' dir='ltr'>connubia</span> <span class='ocrx_word' id='word_1_130' title='bbox 524 1056 561 1087; x_wconf 87' lang='lat' dir='ltr'>et</span> <span class='ocrx_word' id='word_1_131' title='bbox 579 1054 671 1087; x_wconf 86' lang='lat' dir='ltr'>tales</span> <span class='ocrx_word' id='word_1_132' title='bbox 690 1054 871 1088; x_wconf 86' lang='lat' dir='ltr'>celebrent</span> <span class='ocrx_word' id='word_1_133' title='bbox 896 1054 1105 1097; x_wconf 84' lang='lat' dir='ltr'>hymenaeos</span> 
     </span>
     <span class='ocr_line' id='line_1_21' title="bbox 206 1106 1122 1151; baseline 0.001 -12"><span class='ocrx_word' id='word_1_134' title='bbox 206 1106 402 1151; x_wconf 76' lang='lat' dir='ltr'>Egregium</span> <span class='ocrx_word' id='word_1_135' title='bbox 422 1106 574 1140; x_wconf 80' lang='lat' dir='ltr'>Veneris</span> <span class='ocrx_word' id='word_1_136' title='bbox 593 1118 706 1151; x_wconf 81' lang='lat' dir='ltr'>genus</span> <span class='ocrx_word' id='word_1_137' title='bbox 725 1110 762 1140; x_wconf 87' lang='lat' dir='ltr'>et</span> <span class='ocrx_word' id='word_1_138' title='bbox 781 1118 846 1140; x_wconf 83' lang='lat' dir='ltr'>rex</span> <span class='ocrx_word' id='word_1_139' title='bbox 865 1106 940 1151; x_wconf 86' lang='lat' dir='ltr'>ipse</span> <span class='ocrx_word' id='word_1_140' title='bbox 961 1106 1122 1141; x_wconf 82' lang='lat' dir='ltr'>Latinus.</span> 
     </span>
    </p>

    <p class='ocr_par' dir='ltr' id='par_1_10' title="bbox 209 1159 1012 1203">
     <span class='ocr_line' id='line_1_22' title="bbox 209 1159 1012 1203; baseline 0 -10"><span class='ocrx_word' id='word_1_141' title='bbox 209 1160 258 1193; x_wconf 85' lang='lat' dir='ltr'>Te</span> <span class='ocrx_word' id='word_1_142' title='bbox 278 1171 385 1203; x_wconf 83' lang='lat' dir='ltr'>super</span> <span class='ocrx_word' id='word_1_143' title='bbox 399 1159 567 1193; x_wconf 72' lang='lat' dir='ltr'>aetherias</span> <span class='ocrx_word' id='word_1_144' title='bbox 586 1172 703 1193; x_wconf 86' lang='lat' dir='ltr'>errare</span> <span class='ocrx_word' id='word_1_145' title='bbox 721 1160 889 1194; x_wconf 83' lang='lat' dir='ltr'>licentius</span> <span class='ocrx_word' id='word_1_146' title='bbox 907 1171 1012 1193; x_wconf 86' lang='lat' dir='ltr'>auras</span> 
     </span>
    </p>

    <p class='ocr_par' dir='ltr' id='par_1_11' title="bbox 205 1212 1237 1362">
     <span class='ocr_line' id='line_1_23' title="bbox 206 1212 1193 1257; baseline 0.002 -12"><span class='ocrx_word' id='word_1_147' title='bbox 206 1212 319 1246; x_wconf 84' lang='lat' dir='ltr'>Haud</span> <span class='ocrx_word' id='word_1_148' title='bbox 339 1215 442 1256; x_wconf 84' lang='lat' dir='ltr'>pater</span> <span class='ocrx_word' id='word_1_149' title='bbox 460 1212 535 1256; x_wconf 85' lang='lat' dir='ltr'>ipse</span> <span class='ocrx_word' id='word_1_150' title='bbox 556 1213 656 1256; x_wconf 80' lang='lat' dir='ltr'>velit,</span> <span class='ocrx_word' id='word_1_151' title='bbox 678 1213 811 1246; x_wconf 87' lang='lat' dir='ltr'>summi</span> <span class='ocrx_word' id='word_1_152' title='bbox 829 1215 999 1256; x_wconf 82' lang='lat' dir='ltr'>regnator</span> <span class='ocrx_word' id='word_1_153' title='bbox 1018 1212 1165 1257; x_wconf 86' lang='lat' dir='ltr'>Olympi</span> <span class='ocrx_word' id='word_1_154' title='bbox 1185 1225 1193 1248; x_wconf 81' lang='lat' dir='ltr'>t</span> 
     </span>
     <span class='ocr_line' id='line_1_24' title="bbox 205 1265 1237 1309; baseline 0.002 -11"><span class='ocrx_word' id='word_1_155' title='bbox 205 1265 300 1298; x_wconf 83' lang='lat' dir='ltr'>Cede</span> <span class='ocrx_word' id='word_1_156' title='bbox 318 1265 405 1299; x_wconf 86' lang='lat' dir='ltr'>locis</span> <span class='ocrx_word' id='word_1_157' title='bbox 426 1278 432 1299; x_wconf 91' lang='lat'><strong>:</strong></span> <span class='ocrx_word' id='word_1_158' title='bbox 462 1277 540 1309; x_wconf 83' lang='lat' dir='ltr'>ego,</span> <span class='ocrx_word' id='word_1_159' title='bbox 562 1266 592 1298; x_wconf 92' lang='lat' dir='ltr'>si</span> <span class='ocrx_word' id='word_1_160' title='bbox 612 1277 684 1309; x_wconf 82' lang='lat' dir='ltr'>qua</span> <span class='ocrx_word' id='word_1_161' title='bbox 703 1277 811 1309; x_wconf 79' lang='lat' dir='ltr'>super</span> <span class='ocrx_word' id='word_1_162' title='bbox 828 1266 978 1299; x_wconf 84' lang='lat' dir='ltr'>fortuna</span> <span class='ocrx_word' id='word_1_163' title='bbox 996 1266 1162 1299; x_wconf 85' lang='lat' dir='ltr'>laborum</span> <span class='ocrx_word' id='word_1_164' title='bbox 1182 1269 1237 1300; x_wconf 87' lang='lat' dir='ltr'>est</span> 
     </span>
     <span class='ocr_line' id='line_1_25' title="bbox 206 1316 1131 1362; baseline 0.002 -10"><span class='ocrx_word' id='word_1_165' title='bbox 206 1316 295 1362; x_wconf 76' lang='lat' dir='ltr'>Ipsa</span> <span class='ocrx_word' id='word_1_166' title='bbox 313 1318 473 1362; x_wconf 83' lang='lat' dir='ltr'>regam.⁷&#39;</span> <span class='ocrx_word' id='word_1_167' title='bbox 531 1319 634 1351; x_wconf 59' lang='lat' dir='ltr'>Tales</span> <span class='ocrx_word' id='word_1_168' title='bbox 654 1318 806 1352; x_wconf 77' lang='lat' dir='ltr'>dederat</span> <span class='ocrx_word' id='word_1_169' title='bbox 827 1318 998 1352; x_wconf 67' lang='lat' dir='ltr'>Saturnia</span> <span class='ocrx_word' id='word_1_170' title='bbox 1016 1330 1131 1354; x_wconf 77' lang='lat' dir='ltr'>voces·</span> 
     </span>
    </p>

    <p class='ocr_par' dir='ltr' id='par_1_12' title="bbox 205 1370 1150 1468">
     <span class='ocr_line' id='line_1_26' title="bbox 205 1370 1090 1415; baseline 0 -11"><span class='ocrx_word' id='word_1_171' title='bbox 205 1370 276 1404; x_wconf 82' lang='lat' dir='ltr'>Illa</span> <span class='ocrx_word' id='word_1_172' title='bbox 294 1375 417 1404; x_wconf 88' lang='lat' dir='ltr'>autem</span> <span class='ocrx_word' id='word_1_173' title='bbox 436 1371 573 1404; x_wconf 79' lang='lat' dir='ltr'>attollit</span> <span class='ocrx_word' id='word_1_174' title='bbox 593 1371 787 1405; x_wconf 80' lang='lat' dir='ltr'>stridentes</span> <span class='ocrx_word' id='word_1_175' title='bbox 805 1371 985 1415; x_wconf 81' lang='lat' dir='ltr'>anguibus</span> <span class='ocrx_word' id='word_1_176' title='bbox 1003 1371 1090 1414; x_wconf 82' lang='lat' dir='ltr'>alas,</span> 
     </span>
     <span class='ocr_line' id='line_1_27' title="bbox 205 1423 1150 1468; baseline 0.001 -11"><span class='ocrx_word' id='word_1_177' title='bbox 205 1423 401 1468; x_wconf 84' lang='lat' dir='ltr'>Cocytique</span> <span class='ocrx_word' id='word_1_178' title='bbox 420 1424 514 1468; x_wconf 87' lang='lat' dir='ltr'>petit</span> <span class='ocrx_word' id='word_1_179' title='bbox 533 1424 666 1466; x_wconf 86' lang='lat' dir='ltr'>sedem,</span> <span class='ocrx_word' id='word_1_180' title='bbox 690 1436 820 1468; x_wconf 83' lang='lat' dir='ltr'>supera</span> <span class='ocrx_word' id='word_1_181' title='bbox 838 1424 953 1457; x_wconf 86' lang='lat' dir='ltr'>ardua</span> <span class='ocrx_word' id='word_1_182' title='bbox 971 1424 1150 1468; x_wconf 82' lang='lat' dir='ltr'>linquens.</span> 
     </span>
    </p>

    <p class='ocr_par' dir='ltr' id='par_1_13' title="bbox 203 1476 1223 1723">
     <span class='ocr_line' id='line_1_28' title="bbox 204 1476 1144 1520; baseline 0 -10"><span class='ocrx_word' id='word_1_183' title='bbox 204 1476 270 1510; x_wconf 88' lang='lat' dir='ltr'>Est</span> <span class='ocrx_word' id='word_1_184' title='bbox 289 1477 401 1520; x_wconf 84' lang='lat' dir='ltr'>locus,</span> <span class='ocrx_word' id='word_1_185' title='bbox 423 1477 542 1510; x_wconf 68' lang='lat' dir='ltr'>Italiae</span> <span class='ocrx_word' id='word_1_186' title='bbox 561 1477 599 1510; x_wconf 88' lang='lat' dir='ltr'>in</span> <span class='ocrx_word' id='word_1_187' title='bbox 618 1477 737 1510; x_wconf 85' lang='lat' dir='ltr'>medio</span> <span class='ocrx_word' id='word_1_188' title='bbox 758 1477 824 1510; x_wconf 91' lang='lat' dir='ltr'>sub</span> <span class='ocrx_word' id='word_1_189' title='bbox 843 1477 1029 1510; x_wconf 87' lang='lat' dir='ltr'>montibus</span> <span class='ocrx_word' id='word_1_190' title='bbox 1048 1477 1144 1520; x_wconf 84' lang='lat' dir='ltr'>altis,</span> 
     </span>
     <span class='ocr_line' id='line_1_29' title="bbox 204 1527 1075 1573; baseline 0 -10"><span class='ocrx_word' id='word_1_191' title='bbox 204 1530 359 1573; x_wconf 85' lang='lat' dir='ltr'>Nobilis,</span> <span class='ocrx_word' id='word_1_192' title='bbox 381 1532 417 1563; x_wconf 90' lang='lat' dir='ltr'>et</span> <span class='ocrx_word' id='word_1_193' title='bbox 436 1527 533 1564; x_wconf 65' lang='lat' dir='ltr'>fama</span> <span class='ocrx_word' id='word_1_194' title='bbox 551 1530 677 1563; x_wconf 84' lang='lat' dir='ltr'>multis</span> <span class='ocrx_word' id='word_1_195' title='bbox 695 1532 915 1563; x_wconf 82' lang='lat' dir='ltr'>memoratus</span> <span class='ocrx_word' id='word_1_196' title='bbox 934 1530 972 1563; x_wconf 92' lang='lat' dir='ltr'>in</span> <span class='ocrx_word' id='word_1_197' title='bbox 992 1530 1075 1572; x_wconf 82' lang='lat' dir='ltr'>oris,</span> 
     </span>
     <span class='ocr_line' id='line_1_30' title="bbox 205 1582 1166 1617; baseline 0 -1"><span class='ocrx_word' id='word_1_198' title='bbox 205 1582 396 1617; x_wconf 78' lang='lat' dir='ltr'>Amsancti</span> <span class='ocrx_word' id='word_1_199' title='bbox 416 1583 528 1616; x_wconf 58' lang='lat' dir='ltr'>valles</span> <span class='ocrx_word' id='word_1_200' title='bbox 546 1595 552 1617; x_wconf 75' lang='grc' dir='ltr'><em>ι</em></span> <span class='ocrx_word' id='word_1_201' title='bbox 581 1583 703 1616; x_wconf 84' lang='lat' dir='ltr'>densis</span> <span class='ocrx_word' id='word_1_202' title='bbox 721 1583 818 1616; x_wconf 88' lang='lat' dir='ltr'>hunc</span> <span class='ocrx_word' id='word_1_203' title='bbox 837 1583 1027 1616; x_wconf 84' lang='lat' dir='ltr'>frondibus</span> <span class='ocrx_word' id='word_1_204' title='bbox 1046 1585 1166 1616; x_wconf 82' lang='lat' dir='ltr'>atrum</span> 
     </span>
     <span class='ocr_line' id='line_1_31' title="bbox 203 1634 1223 1680; baseline 0 -11"><span class='ocrx_word' id='word_1_205' title='bbox 203 1634 319 1679; x_wconf 84' lang='lat' dir='ltr'>Urget</span> <span class='ocrx_word' id='word_1_206' title='bbox 337 1636 520 1680; x_wconf 82' lang='lat' dir='ltr'>utrimque</span> <span class='ocrx_word' id='word_1_207' title='bbox 539 1636 635 1669; x_wconf 87' lang='lat' dir='ltr'>latus</span> <span class='ocrx_word' id='word_1_208' title='bbox 654 1636 822 1679; x_wconf 82' lang='lat' dir='ltr'>nemoris,</span> <span class='ocrx_word' id='word_1_209' title='bbox 845 1636 1038 1680; x_wconf 86' lang='lat' dir='ltr'>medioque</span> <span class='ocrx_word' id='word_1_210' title='bbox 1060 1636 1223 1680; x_wconf 58' lang='lat' dir='ltr'>fragosus</span> 
     </span>
     <span class='ocr_line' id='line_1_32' title="bbox 205 1688 1068 1723; baseline 0.001 -2"><span class='ocrx_word' id='word_1_211' title='bbox 205 1688 279 1722; x_wconf 85' lang='lat' dir='ltr'>Dat</span> <span class='ocrx_word' id='word_1_212' title='bbox 299 1690 460 1723; x_wconf 85' lang='lat' dir='ltr'>sonitum</span> <span class='ocrx_word' id='word_1_213' title='bbox 479 1689 574 1722; x_wconf 75' lang='lat' dir='ltr'>saxis</span> <span class='ocrx_word' id='word_1_214' title='bbox 594 1691 631 1722; x_wconf 89' lang='lat' dir='ltr'>et</span> <span class='ocrx_word' id='word_1_215' title='bbox 649 1691 747 1722; x_wconf 83' lang='lat' dir='ltr'>torto</span> <span class='ocrx_word' id='word_1_216' title='bbox 766 1689 900 1723; x_wconf 67' lang='lat' dir='ltr'>vertice</span> <span class='ocrx_word' id='word_1_217' title='bbox 919 1691 1068 1722; x_wconf 83' lang='lat' dir='ltr'>torrens.</span> 
     </span>
    </p>

    <p class='ocr_par' dir='ltr' id='par_1_14' title="bbox 204 1741 1189 1944">
     <span class='ocr_line' id='line_1_33' title="bbox 204 1741 1110 1786; baseline 0 -11"><span class='ocrx_word' id='word_1_218' title='bbox 204 1741 278 1775; x_wconf 87' lang='lat' dir='ltr'>Hic</span> <span class='ocrx_word' id='word_1_219' title='bbox 297 1753 423 1786; x_wconf 84' lang='lat' dir='ltr'>specus</span> <span class='ocrx_word' id='word_1_220' title='bbox 442 1741 677 1784; x_wconf 83' lang='lat' dir='ltr'>horrendum,</span> <span class='ocrx_word' id='word_1_221' title='bbox 700 1742 786 1775; x_wconf 82' lang='lat' dir='ltr'>saevi</span> <span class='ocrx_word' id='word_1_222' title='bbox 804 1741 982 1786; x_wconf 85' lang='lat' dir='ltr'>spiracula</span> <span class='ocrx_word' id='word_1_223' title='bbox 1000 1741 1110 1784; x_wconf 69' lang='lat' dir='ltr'>Ditis,</span> 
     </span>
     <span class='ocr_line' id='line_1_34' title="bbox 204 1794 1176 1838; baseline 0 -11"><span class='ocrx_word' id='word_1_224' title='bbox 204 1794 447 1837; x_wconf 81' lang='lat' dir='ltr'>Monstratur,</span> <span class='ocrx_word' id='word_1_225' title='bbox 469 1797 650 1838; x_wconf 86' lang='lat' dir='ltr'>ruptoque</span> <span class='ocrx_word' id='word_1_226' title='bbox 669 1795 796 1838; x_wconf 75' lang='lat' dir='ltr'>ingens</span> <span class='ocrx_word' id='word_1_227' title='bbox 816 1795 1023 1828; x_wconf 86' lang='lat' dir='ltr'>Acheronte</span> <span class='ocrx_word' id='word_1_228' title='bbox 1043 1805 1176 1837; x_wconf 78' lang='lat' dir='ltr'>vorago</span> 
     </span>
     <span class='ocr_line' id='line_1_35' title="bbox 204 1847 1189 1891; baseline -0.002 -10"><span class='ocrx_word' id='word_1_229' title='bbox 204 1847 400 1881; x_wconf 79' lang='lat' dir='ltr'>Pestiferas</span> <span class='ocrx_word' id='word_1_230' title='bbox 419 1848 536 1891; x_wconf 82' lang='lat' dir='ltr'>aperit</span> <span class='ocrx_word' id='word_1_231' title='bbox 554 1847 676 1881; x_wconf 85' lang='lat' dir='ltr'>fauces</span> <span class='ocrx_word' id='word_1_232' title='bbox 693 1861 701 1889; x_wconf 83' lang='lat'>;</span> <span class='ocrx_word' id='word_1_233' title='bbox 731 1848 833 1891; x_wconf 81' lang='lat' dir='ltr'>queis</span> <span class='ocrx_word' id='word_1_234' title='bbox 853 1847 999 1881; x_wconf 83' lang='lat' dir='ltr'>condita</span> <span class='ocrx_word' id='word_1_235' title='bbox 1018 1847 1189 1890; x_wconf 77' lang='lat' dir='ltr'>Erinnys,</span> 
     </span>
     <span class='ocr_line' id='line_1_36' title="bbox 204 1899 1073 1944; baseline 0 -11"><span class='ocrx_word' id='word_1_236' title='bbox 204 1900 371 1933; x_wconf 83' lang='lat' dir='ltr'>Invisum</span> <span class='ocrx_word' id='word_1_237' title='bbox 390 1912 538 1943; x_wconf 89' lang='lat' dir='ltr'>numen,</span> <span class='ocrx_word' id='word_1_238' title='bbox 561 1902 675 1934; x_wconf 82' lang='lat' dir='ltr'>terras</span> <span class='ocrx_word' id='word_1_239' title='bbox 695 1900 900 1944; x_wconf 83' lang='lat' dir='ltr'>coelumque</span> <span class='ocrx_word' id='word_1_240' title='bbox 919 1899 1073 1933; x_wconf 85' lang='lat' dir='ltr'>levabat.</span> 
     </span>
    </p>

    <p class='ocr_par' dir='ltr' id='par_1_15' title="bbox 202 1952 1215 2315">
     <span class='ocr_line' id='line_1_37' title="bbox 256 1952 1153 1987; baseline -0.001 -1"><span class='ocrx_word' id='word_1_241' title='bbox 256 1953 336 1987; x_wconf 90' lang='lat' dir='ltr'>Nec</span> <span class='ocrx_word' id='word_1_242' title='bbox 354 1954 474 1987; x_wconf 81' lang='lat' dir='ltr'>minus</span> <span class='ocrx_word' id='word_1_243' title='bbox 493 1953 631 1986; x_wconf 83' lang='lat' dir='ltr'>interea</span> <span class='ocrx_word' id='word_1_244' title='bbox 650 1956 851 1987; x_wconf 78' lang='lat' dir='ltr'>extremam</span> <span class='ocrx_word' id='word_1_245' title='bbox 870 1953 1041 1986; x_wconf 81' lang='lat' dir='ltr'>Saturnia</span> <span class='ocrx_word' id='word_1_246' title='bbox 1059 1952 1153 1985; x_wconf 79' lang='lat' dir='ltr'>bello</span> 
     </span>
     <span class='ocr_line' id='line_1_38' title="bbox 204 2005 1182 2050; baseline -0.001 -11"><span class='ocrx_word' id='word_1_247' title='bbox 204 2006 367 2050; x_wconf 90' lang='lat' dir='ltr'>Imponit</span> <span class='ocrx_word' id='word_1_248' title='bbox 386 2007 510 2050; x_wconf 79' lang='lat' dir='ltr'>regina</span> <span class='ocrx_word' id='word_1_249' title='bbox 528 2017 687 2040; x_wconf 88' lang='lat' dir='ltr'>manum.</span> <span class='ocrx_word' id='word_1_250' title='bbox 747 2006 840 2039; x_wconf 83' lang='lat' dir='ltr'>Ruit</span> <span class='ocrx_word' id='word_1_251' title='bbox 859 2006 978 2040; x_wconf 85' lang='lat' dir='ltr'>omnis</span> <span class='ocrx_word' id='word_1_252' title='bbox 996 2005 1035 2038; x_wconf 89' lang='lat' dir='ltr'>in</span> <span class='ocrx_word' id='word_1_253' title='bbox 1054 2005 1182 2038; x_wconf 80' lang='lat' dir='ltr'>urbem</span> 
     </span>
     <span class='ocr_line' id='line_1_39' title="bbox 202 2059 1182 2102; baseline -0.002 -9"><span class='ocrx_word' id='word_1_254' title='bbox 202 2059 398 2093; x_wconf 86' lang='lat' dir='ltr'>Pastorum</span> <span class='ocrx_word' id='word_1_255' title='bbox 416 2071 462 2093; x_wconf 80' lang='lat' dir='ltr'>ex</span> <span class='ocrx_word' id='word_1_256' title='bbox 480 2059 554 2093; x_wconf 87' lang='lat' dir='ltr'>acie</span> <span class='ocrx_word' id='word_1_257' title='bbox 573 2071 759 2102; x_wconf 73' lang='lat' dir='ltr'>numerus,</span> <span class='ocrx_word' id='word_1_258' title='bbox 782 2070 963 2102; x_wconf 65' lang='lat' dir='ltr'>caesosque</span> <span class='ocrx_word' id='word_1_259' title='bbox 981 2060 1182 2102; x_wconf 83' lang='lat' dir='ltr'>reportant,</span> 
     </span>
     <span class='ocr_line' id='line_1_40' title="bbox 203 2111 1057 2156; baseline -0.001 -11"><span class='ocrx_word' id='word_1_260' title='bbox 203 2112 396 2146; x_wconf 78' lang='lat' dir='ltr'>Almonem</span> <span class='ocrx_word' id='word_1_261' title='bbox 414 2124 581 2156; x_wconf 85' lang='lat' dir='ltr'>puerum,</span> <span class='ocrx_word' id='word_1_262' title='bbox 603 2112 806 2156; x_wconf 75' lang='lat' dir='ltr'>fcedatique</span> <span class='ocrx_word' id='word_1_263' title='bbox 826 2123 888 2146; x_wconf 87' lang='lat' dir='ltr'>ora</span> <span class='ocrx_word' id='word_1_264' title='bbox 909 2111 1029 2145; x_wconf 74' lang='lat' dir='ltr'>Galesi</span> <span class='ocrx_word' id='word_1_265' title='bbox 1049 2124 1057 2152; x_wconf 94' lang='lat'>;</span> 
     </span>
     <span class='ocr_line' id='line_1_41' title="bbox 203 2164 1134 2209; baseline -0.001 -11"><span class='ocrx_word' id='word_1_266' title='bbox 203 2164 478 2209; x_wconf 84' lang='lat' dir='ltr'>Implorantque</span> <span class='ocrx_word' id='word_1_267' title='bbox 497 2166 606 2208; x_wconf 88' lang='lat' dir='ltr'>Deos,</span> <span class='ocrx_word' id='word_1_268' title='bbox 629 2165 933 2209; x_wconf 78' lang='lat' dir='ltr'>obtestanturque</span> <span class='ocrx_word' id='word_1_269' title='bbox 952 2164 1134 2198; x_wconf 83' lang='lat' dir='ltr'>Latinum.</span> 
     </span>
     <span class='ocr_line' id='line_1_42' title="bbox 202 2216 1215 2263; baseline -0.002 -11"><span class='ocrx_word' id='word_1_270' title='bbox 202 2217 346 2252; x_wconf 85' lang='lat' dir='ltr'>Turnus</span> <span class='ocrx_word' id='word_1_271' title='bbox 365 2218 480 2262; x_wconf 85' lang='lat' dir='ltr'>adest,</span> <span class='ocrx_word' id='word_1_272' title='bbox 502 2218 694 2263; x_wconf 86' lang='lat' dir='ltr'>medioque</span> <span class='ocrx_word' id='word_1_273' title='bbox 713 2218 751 2251; x_wconf 87' lang='lat' dir='ltr'>in</span> <span class='ocrx_word' id='word_1_274' title='bbox 771 2218 920 2251; x_wconf 86' lang='lat' dir='ltr'>crimine</span> <span class='ocrx_word' id='word_1_275' title='bbox 940 2217 1048 2250; x_wconf 84' lang='lat' dir='ltr'>caedis</span> <span class='ocrx_word' id='word_1_276' title='bbox 1067 2219 1104 2250; x_wconf 86' lang='lat' dir='ltr'>et</span> <span class='ocrx_word' id='word_1_277' title='bbox 1123 2216 1215 2261; x_wconf 83' lang='lat' dir='ltr'>ignis</span> 
     </span>
     <span class='ocr_line' id='line_1_43' title="bbox 202 2269 1196 2315; baseline 0 -12"><span class='ocrx_word' id='word_1_278' title='bbox 202 2269 388 2305; x_wconf 85' lang='lat' dir='ltr'>Terrorem</span> <span class='ocrx_word' id='word_1_279' title='bbox 406 2271 607 2315; x_wconf 84' lang='lat' dir='ltr'>ingeminat</span> <span class='ocrx_word' id='word_1_280' title='bbox 625 2284 632 2306; x_wconf 91' lang='lat'>:</span> <span class='ocrx_word' id='word_1_281' title='bbox 665 2272 690 2289; x_wconf 72' lang='lat'>‘⁶</span> <span class='ocrx_word' id='word_1_282' title='bbox 707 2271 861 2305; x_wconf 86' lang='lat' dir='ltr'>Teucros</span> <span class='ocrx_word' id='word_1_283' title='bbox 879 2271 918 2304; x_wconf 90' lang='lat' dir='ltr'>in</span> <span class='ocrx_word' id='word_1_284' title='bbox 937 2281 1046 2314; x_wconf 84' lang='lat' dir='ltr'>regne</span> <span class='ocrx_word' id='word_1_285' title='bbox 1065 2270 1196 2313; x_wconf 83' lang='lat' dir='ltr'>vocari,</span> 
     </span>
    </p>
   </div>
   <div class='ocr_carea' id='block_1_4' title="bbox 204 2322 1283 2401">
    <p class='ocr_par' dir='ltr' id='par_1_16' title="bbox 204 2322 1283 2401">
     <span class='ocr_line' id='line_1_44' title="bbox 204 2322 1283 2401; baseline 0 -45"><span class='ocrx_word' id='word_1_286' title='bbox 204 2322 360 2367; x_wconf 82' lang='lat' dir='ltr'>Stirpem</span> <span class='ocrx_word' id='word_1_287' title='bbox 379 2323 569 2358; x_wconf 83' lang='lat' dir='ltr'>admisceri</span> <span class='ocrx_word' id='word_1_288' title='bbox 590 2324 799 2368; x_wconf 82' lang='lat' dir='ltr'>Phrygiam,</span> <span class='ocrx_word' id='word_1_289' title='bbox 822 2335 858 2357; x_wconf 84' lang='lat' dir='ltr'>se</span> <span class='ocrx_word' id='word_1_290' title='bbox 878 2323 1002 2357; x_wconf 88' lang='lat' dir='ltr'>limine</span> <span class='ocrx_word' id='word_1_291' title='bbox 1021 2322 1145 2367; x_wconf 82' lang='lat' dir='ltr'>pelli.&#39;&#39;</span> <span class='ocrx_word' id='word_1_292' title='bbox 1267 2372 1283 2401; x_wconf 68' lang='lat'><em>3</em></span> 
     </span>
     <span class='ocr_line' id='line_1_45' title="bbox 1229 2380 1271 2401; baseline -0.071 0"><span class='ocrx_word' id='word_1_293' title='bbox 1229 2380 1248 2401; x_wconf 77' lang='grc' dir='ltr'>α</span> <span class='ocrx_word' id='word_1_294' title='bbox 1266 2391 1271 2398; x_wconf 89' lang='grc'><em>.</em></span> 
     </span>
    </p>
   </div>
   <div class='ocr_carea' id='block_1_5' title="bbox 1374 262 1412 282">
    <p class='ocr_par' dir='ltr' id='par_1_17' title="bbox 1374 262 1412 282">
     <span class='ocr_line' id='line_1_46' title="bbox 1374 262 1412 282; baseline 0.026 -1"><span class='ocrx_word' id='word_1_295' title='bbox 1374 262 1412 282; x_wconf 69' lang='grc'>5143</span> 
     </span>
    </p>
   </div>
   <div class='ocr_carea' id='block_1_6' title="bbox 1372 789 1415 809">
    <p class='ocr_par' dir='ltr' id='par_1_18' title="bbox 1372 789 1415 809">
     <span class='ocr_line' id='line_1_47' title="bbox 1372 789 1415 809; baseline 0.023 -1"><span class='ocrx_word' id='word_1_296' title='bbox 1372 789 1415 809; x_wconf 65' lang='lat'>550</span> 
     </span>
    </p>
   </div>
   <div class='ocr_carea' id='block_1_7' title="bbox 1371 1317 1413 1337">
    <p class='ocr_par' dir='ltr' id='par_1_19' title="bbox 1371 1317 1413 1337">
     <span class='ocr_line' id='line_1_48' title="bbox 1371 1317 1413 1337; baseline 0 0"><span class='ocrx_word' id='word_1_297' title='bbox 1371 1317 1413 1337; x_wconf 75' lang='lat'>⁵50</span> 
     </span>
    </p>
   </div>
   <div class='ocr_carea' id='block_1_8' title="bbox 1372 1845 1414 1866">
    <p class='ocr_par' dir='ltr' id='par_1_20' title="bbox 1372 1845 1414 1866">
     <span class='ocr_line' id='line_1_49' title="bbox 1372 1845 1414 1866; baseline 0 -3"><span class='ocrx_word' id='word_1_298' title='bbox 1372 1845 1414 1866; x_wconf 74' lang='lat'>570</span> 
     </span>
    </p>
   </div>
  </div>
 </body>
</html>
