1559 2584
80 127 133 163 84

544 135 729 162 VIRGILII
760 135 916 162 CULEX.

179 221 461 266 Dardaniaeque
481 221 573 256 alter
590 222 673 255 fuso
693 221 792 266 quod
811 221 986 265 sanguine
1006 232 1162 266 campos,

182 275 367 309 Hectoreo
387 275 504 309 victor
523 274 695 308 lustravit
716 286 862 318 corpore
881 275 1033 309 Troiam.

180 328 323 363 Rursus
342 329 470 362 acerba
488 328 664 371 fremunt,
687 327 791 361 Paris
810 328 909 361 hunc
928 328 1027 371 quod
1046 327 1149 371 letat,
1171 330 1208 361 et
1226 326 1336 361 huius

181 382 291 416 Alma
312 381 404 415 dolis
425 381 544 415 Ithaci
564 379 684 415 virtus
704 381 803 425 quod
824 381 983 414 concidit
1002 381 1083 415 icta.

183 435 284 469 Huic
304 434 397 478 gerit
418 446 562 468 aversos
581 434 699 478 proles
719 434 865 468 Laertia
884 434 1023 477 vultus,

182 487 232 521 Et
252 488 326 521 iam
347 487 549 531 Strymonii
567 487 682 520 Rhesi
701 487 890 531 victorque
909 487 1074 530 Dolonis,

183 540 337 575 Pallade
356 540 429 574 iam
448 540 609 574 laetatur
628 552 741 574 ovans
758 553 766 582 ;
795 551 994 584 rursusque
1012 539 1190 573 tremiscit

184 593 265 628 Iam
285 593 447 637 Ciconas,
469 593 543 627 iam
562 593 707 638 iamque
725 593 849 627 horret
868 593 1134 637 Laestrygonas
1152 595 1267 626 atrox,

185 647 299 680 Illum
320 646 441 691 Scylla
459 658 583 690 raan‚
607 647 757 680 canibus
777 646 960 680 succincta
979 646 1160 688 Molossis,

185 701 446 744 Aetnaeusque
467 699 632 744 Cyclops,
654 700 759 733 illum
779 699 977 733 metuenda
996 699 1198 743 Charybdis

185 753 447 797 Pallentesque
466 753 566 787 lacus
586 756 623 786 et
643 753 809 797 squalida
827 753 977 787 Tartara
996 755 1144 787 terrent.

185 806 259 840 Hic
278 809 314 840 et
334 806 501 840 Tantalei
518 806 659 850 generis
678 807 800 850 decus,
823 806 964 850 amplus
983 805 1145 849 Atrides,

186 859 348 902 Assidet,
370 859 550 903 Argivum
569 859 707 903 lumen,
730 871 802 903 quo
821 860 967 893 flamma
985 861 1133 902 regente

185 912 293 946 Doris
305 912 560 946 Erichthonias
579 913 776 956 prostravit
794 912 963 945 funditus
982 924 1088 946 arces.

187 965 378 1008 Reddidit,
400 966 484 1008 heu,
509 965 640 999 Graius
659 977 794 1009 poenas
812 965 894 1008 tibi,
917 965 1034 1009 Troia,
1056 965 1192 1008 ruenti,

186 1019 493 1062 Hellespontiacis
512 1019 678 1052 obiturus
696 1019 857 1052 reddidit
876 1018 994 1052 undis

187 1072 258 1105 Illa
276 1072 372 1105 vices
391 1072 581 1105 hominum
601 1075 735 1106 testata
754 1075 809 1105 est
828 1072 931 1115 copia
949 1071 1147 1116 quondam,

189 1125 249 1158 Ne
270 1125 464 1169 quisquam
484 1125 647 1169 propriae
666 1126 835 1159 fortunae
854 1137 1005 1158 munere
1025 1125 1127 1158 dives

190 1178 267 1212 Iret
286 1178 474 1211 inevectus
495 1179 635 1211 coelum
655 1190 762 1222 super
783 1191 789 1213 :
819 1190 925 1212 omne
945 1179 1151 1222 propinquo

187 1231 386 1275 Frangitur
403 1231 563 1264 invidiae
582 1232 656 1265 telo
676 1232 794 1265 decus.
856 1231 941 1265 Ibat
959 1232 997 1264 in
1017 1232 1134 1265 altum

190 1284 259 1318 Vis
278 1285 399 1328 Argea
418 1287 547 1328 petens
566 1284 734 1328 patriam,
758 1285 947 1328 ditataque
968 1285 1101 1329 praeda

189 1337 295 1372 Arois
315 1337 574 1371 Erichthoniae
594 1351 602 1379 3
632 1349 750 1371 comes
769 1338 854 1372 huic
873 1341 951 1371 erat
970 1349 1058 1371 aura
1076 1337 1234 1372 secunda
1253 1351 1261 1378 ;

191 1391 264 1425 Per
282 1391 469 1435 placidum
489 1402 596 1424 cursu
616 1391 766 1435 pelagus
785 1391 915 1425 Nereis
935 1391 980 1425 ab
999 1391 1100 1424 unda

190 1444 301 1488 Signa
320 1444 432 1478 dabat
449 1457 457 1486 3
485 1456 569 1487 pars
588 1444 732 1478 inflexis
751 1447 951 1488 superacta
970 1444 1100 1478 carinis
1118 1457 1125 1479 :

189 1497 295 1541 Cum,
318 1509 382 1531 seu
401 1497 547 1531 coelesti
565 1498 640 1531 fato
660 1509 724 1531 seu
743 1498 869 1531 sideris
888 1500 983 1541 ortu,

193 1551 368 1595 Undique
388 1553 556 1584 mutatur
575 1551 665 1584 coeli
683 1551 792 1594 nitor,
815 1551 937 1585 onmia
955 1550 1086 1594 ventis,

191 1604 322 1638 Omnia
341 1604 551 1637 turbinibus
570 1606 656 1637 sunt
676 1605 794 1638 anxia.
855 1604 936 1638 Iam
955 1604 1063 1637 maris
1083 1603 1183 1638 unda

191 1657 378 1691 Sideribus
397 1660 513 1691 certat
533 1669 758 1701 consurgere,
780 1658 926 1701 iamque
945 1669 1100 1701 superne

191 1710 378 1754 Corripere
398 1713 434 1744 et
455 1710 554 1744 Soles
573 1713 609 1744 et
630 1711 748 1744 sidera
766 1713 896 1744 cuncta
914 1711 1089 1753 minatur,

191 1764 246 1798 Ac
264 1776 369 1797 ruere
388 1763 427 1797 in
446 1766 559 1797 terras
580 1764 669 1797 coeli
688 1765 815 1808 fragor.
877 1764 950 1797 Hic
968 1764 1077 1797 modo
1097 1764 1194 1798 laeta

192 1817 304 1861 Copia
322 1828 421 1850 nunc
439 1817 578 1850 miseris
598 1817 844 1851 circumdatur
862 1817 971 1851 anxia
989 1817 1088 1860 fatis,

193 1870 484 1913 Immoriturque
506 1882 614 1913 super
633 1871 767 1904 fluctus
783 1873 820 1904 ot
841 1882 928 1904 saxa
949 1870 1138 1914 Capharei,

192 1923 374 1957 Euboicas
394 1926 458 1956 aut
477 1935 541 1967 per
561 1926 684 1957 cautes
703 1926 919 1968 Aegaeaque
937 1924 1012 1957 late

193 1976 332 2019 Litora,
357 1988 439 2010 cum
459 1976 639 2020 Phrygiae
659 1977 791 2020 passim
811 1989 903 2021 vaga
921 1977 1056 2020 praeda
1080 1983 1263 2020 peremtae

194 2029 372 2063 Fluctuat
392 2029 509 2063 onmis
528 2030 564 2063 in
586 2042 765 2074 aequoreo
784 2030 857 2063 iain
878 2031 1051 2074 naufraga
1069 2032 1199 2064 tractu.

194 2083 267 2116 Hic
287 2083 349 2116 alii
368 2083 495 2116 sidunt
514 2083 645 2127 pariles
664 2084 812 2117 virtutis
831 2084 968 2117 honore

194 2135 346 2179 Hemes,
370 2137 572 2180 mediisque
592 2136 653 2170 siti
673 2139 759 2170 sunt
780 2137 926 2170 sedibus
946 2148 1082 2180 omneS,

194 2193 330 2223 Omnes
350 2189 469 2223 Roma
488 2190 598 2223 decus
617 2190 740 2234 magni
760 2202 851 2234 quos
871 2189 1020 2233 suscipit
1040 2189 1144 2224 orbis,

196 2242 269 2276 Hie
290 2243 394 2276 Fabii
413 2242 601 2286 Dec-iique,
623 2243 681 2276 hic
701 2246 755 2276 est
775 2246 812 2277 et
831 2243 987 2276 Horatia
1006 2243 1123 2276 virtus
1141 2256 1148 2283 ;

194 2296 268 2329 flio
287 2298 324 2329 et
344 2296 439 2329 fama
459 2299 566 2329 vetus
585 2308 787 2340 numquam
806 2297 981 2330 moritura
1002 2296 1142 2329 Camilli
1163 2308 1172 2334 ς

195 2349 344 2383 Curtius
365 2352 412 2392 et,
435 2348 564 2382 mediis
584 2361 692 2393 quenl
712 2350 898 2394 quondam
918 2349 1063 2382 sedibus
1084 2348 1194 2383 Urbis

195 2403 381 2437 Devotum
400 2402 505 2436 bellis
525 2402 725 2437 consumsit
744 2403 897 2447 giugitis
916 2403 1070 2436 haustus
1086 2415 1095 2445 ;

1367 1761 1410 1783 :5⁰
