1528 2569
682 111 816 140 LmER
847 112 877 139 1.
1399 104 1420 140 9

213 200 375 245 Virginis
394 211 434 235 os
453 200 694 245 habitumque
714 213 842 245 gerens
862 203 899 235 et
919 200 1068 245 virginis
1087 212 1188 235 arma
1381 199 1422 219 ³¹⁵

214 254 400 298 Spartanae
418 267 425 289 :
455 254 513 287 vel
532 254 649 298 qualis
668 265 780 298 equos
799 254 966 288 Threissa
983 254 1114 298 fatigat

213 307 432 351 Harpalyce,
454 307 709 351 volucremque
729 307 816 351 fuga
834 307 1067 351 praevertitur
1084 307 1233 340 Eurum.

214 360 384 404 Namque
402 359 562 393 humeris
582 360 626 393 de
646 371 745 393 more
763 360 922 393 habilem
941 359 1179 404 suspenderat
1198 370 1322 393 arcum

214 412 410 456 Venatrix,
433 412 657 457 dederatque
677 424 816 447 comam
836 413 1040 447 diffundere
1063 413 1180 446 ventis
1196 425 1206 454 ;

215 465 329 500 Nuda
346 477 454 510 genu,
475 466 646 510 nodoque
664 466 764 500 sinus
784 466 934 500 collecta
952 466 1115 500 fluentes.

215 519 270 553 Ac
288 519 385 563 prior
403 532 410 553 :
433 520 458 537 “
476 518 619 561 Heus,''
637 519 771 563 inquit,
798 521 824 537 “
835 519 1002 563 juvenes,
1024 521 1226 552 monstrate
1243 530 1408 552 mearum

215 571 370 606 Vidistis
390 572 420 606 si
439 584 550 616 quam
569 572 626 605 hie
645 575 827 606 errantem
847 572 942 605 forte
961 583 1138 614 sororum,

214 624 441 659 Succinctam
459 625 628 669 pharetra
647 627 684 658 et
701 625 894 658 maculosae
908 625 1067 668 tegmine
1085 624 1213 667 lyncis,

215 678 294 711 Aut
314 678 517 722 spumantis
536 678 614 721 apri
633 689 777 711 cursum
797 678 952 711 clamore
970 680 1206 721 prementem.
1214 676 1234 693 ’'

214 731 272 765 Sic
290 731 418 764 Venus
435 743 443 772 ;
471 733 510 764 at
524 730 684 764 veneris
702 733 828 764 contra
846 730 897 763 sic
915 730 1011 763 filius
1030 741 1131 763 orsus
1149 742 1156 763 :

219 785 244 801 “
259 783 375 817 Nulla
393 786 542 816 tuarum
561 783 687 817 audita
705 783 808 826 mihi,
830 794 949 826 neque
969 783 1046 816 visa
1065 794 1241 825 sororum,

215 836 258 879 O,
282 847 391 881 quam
410 839 447 869 te
467 847 663 869 memorem
680 836 689 869 2
744 836 855 880 virgo,
888 847 1047 879 namque
1066 835 1165 869 haud
1186 835 1255 869 tibi
1274 836 1401 870 vultus

216 889 397 932 Mortalis,
420 901 486 923 nec
506 901 578 922 vox
591 889 778 922 hominem
797 891 903 922 sonat
921 902 928 923 ε
958 901 978 922 0
997 889 1076 922 Dea
1095 892 1191 922 certe
1210 901 1218 930 ;

215 942 274 975 An
291 942 422 976 Phoebi
441 954 552 985 soror,
575 954 622 976 an
642 942 900 986 Nympharum
920 942 1106 985 sanguinis
1123 941 1226 975 una?

215 995 271 1029 Sis
289 995 378 1029 felix
397 998 635 1039 nostrumque
654 995 764 1038 leves,
787 1007 1028 1039 quzecunque,
1050 995 1210 1028 laborem
1232 1007 1239 1029 ε

215 1049 276 1091 Et,
298 1060 370 1092 quo
389 1048 457 1082 sub
477 1048 566 1082 coelo
581 1048 744 1091 tandem,
767 1049 899 1093 quibus
914 1048 1010 1082 orbis
1028 1048 1067 1082 in
1086 1048 1157 1082 oris

215 1101 242 1134 J
243 1103 417 1144 arctemur,
440 1101 568 1135 doceas
586 1114 592 1135 :
621 1101 738 1145 ignari
757 1101 1019 1145 hominumque
1037 1102 1272 1144 locorumque

217 1153 401 1197 Erramus,
424 1157 534 1188 vento
553 1154 624 1188 huc
644 1157 681 1187 et
694 1155 807 1188 vastis
826 1155 998 1188 fluctibus
1018 1155 1090 1188 acti
1108 1166 1115 1188 :

218 1207 339 1241 Multa
357 1207 426 1240 tibi
445 1210 529 1241 ante
548 1219 626 1240 aras
645 1210 770 1241 nostra
789 1207 893 1240 cadet
911 1207 1031 1241 hostia
1049 1206 1218 1240 dextra.”

216 1260 309 1294 Tum
328 1260 455 1294 Venus
475 1272 482 1294 ι
515 1262 539 1278 “
553 1260 666 1294 Haud
685 1260 854 1304 equidem
872 1261 940 1294 tali
958 1272 1015 1294 me
1034 1260 1164 1304 dignor
1182 1261 1317 1294 honore
1335 1272 1342 1294 :
1382 1258 1423 1278 ³²⁴⁵

218 1313 429 1357 Virginibus
447 1312 564 1357 Tyriis
582 1325 659 1346 mos
678 1316 733 1347 est
750 1316 890 1357 gestare
908 1313 1128 1357 pharetram,

218 1366 478 1410 Purpureoque
497 1366 570 1400 alte
590 1378 691 1400 suras
711 1367 846 1399 vincire
865 1366 1057 1400 cothurno.

217 1419 356 1453 Punica
374 1431 484 1462 regna
503 1419 616 1462 vides,
638 1419 777 1462 Tyrios,
800 1422 838 1452 et
856 1419 1034 1462 Agenoris
1052 1419 1182 1453 urbem
1202 1432 1211 1461 ;

216 1472 286 1506 Sed
303 1472 393 1505 fines
411 1472 550 1515 Libyci,
572 1483 686 1516 genus
706 1472 936 1505 intractabile
956 1472 1061 1507 bello.

216 1524 414 1569 Imperium
432 1525 530 1559 Dido
550 1525 659 1568 Tyria
676 1525 768 1568 regit
787 1525 876 1558 urbe
896 1525 1070 1569 profecta,

216 1578 439 1612 Germanum
457 1578 609 1621 fugiens.
670 1578 795 1622 Longa
814 1582 868 1611 est
886 1578 1031 1622 injuria,
1055 1579 1174 1622 longae

216 1631 396 1675 Ambages
414 1644 423 1671 ;
452 1631 516 1664 sed
536 1642 678 1664 summa
697 1642 828 1675 sequar
846 1631 991 1675 fastigia
1009 1643 1141 1666 rerum.

215 1684 313 1718 Huic
332 1684 466 1728 conjux
487 1684 660 1728 Sychaeus
679 1687 768 1727 erat,
791 1684 992 1718 ditissimus
1011 1684 1087 1728 agri

215 1736 445 1780 Phoenicum,
468 1740 504 1770 et
524 1748 655 1781 magno
674 1737 815 1771 miserae
835 1737 989 1771 dilectus
1008 1749 1129 1771 amore
1150 1750 1158 1777 ;

214 1790 282 1823 Cui
300 1793 404 1835 pater
421 1790 597 1824 intactam
617 1790 778 1833 dederat,
801 1790 999 1834 primisque
1020 1790 1171 1834 jugarat

215 1843 406 1877 Ominibus
424 1855 431 1876 ε
460 1843 523 1876 sed
542 1855 653 1887 regna
671 1843 758 1887 Tyri
775 1854 968 1887 germanus
987 1843 1145 1876 habebat

214 1896 443 1940 Pygmalion,
466 1896 597 1930 scelere
612 1898 698 1929 ante
718 1896 806 1929 alios
825 1896 1018 1929 immanior
1032 1908 1166 1930 omnes

214 1948 311 1990 Quos
331 1949 429 1983 inter
447 1949 589 1982 medius
609 1949 710 1982 venit
730 1949 840 1982 furor.
902 1949 970 1982 Ille
991 1948 1185 1993 Sychaeum

214 2002 355 2046 Impius
375 2005 459 2035 ante
480 2013 571 2045 aras,
591 2004 700 2046 atque
721 2001 800 2035 auri
819 2013 934 2035 caecus
953 2013 1088 2045 amore,

213 2055 315 2089 Clam
334 2055 428 2088 ferro
448 2055 637 2088 incautum
656 2057 816 2098 superat,
839 2066 986 2088 securus
1004 2066 1170 2089 amorum

213 2108 405 2142 Germanae
427 2121 432 2141 z
462 2109 673 2151 factumque
693 2107 758 2141 diu
777 2107 909 2141 celavit
926 2121 934 2149 ;
963 2111 1000 2141 et
1019 2119 1163 2151 aegram,

212 2161 336 2195 Multa
355 2161 472 2194 malus
491 2161 679 2203 simulans,
703 2162 798 2194 vana
818 2172 881 2204 spe
899 2161 987 2194 lusit
1006 2163 1201 2195 amantem.

212 2214 298 2259 Ipsa
318 2214 382 2248 sed
401 2214 440 2248 in
460 2214 595 2247 somnis
615 2214 801 2247 inhumati
820 2214 922 2248 venit
940 2214 1060 2258 imago

213 2267 399 2311 Conjugis,
421 2278 484 2301 ora
502 2267 621 2300 modis
639 2267 812 2300 attollens
831 2267 966 2311 pallida
984 2267 1085 2300 miris
1101 2279 1110 2308 3

214 2319 385 2354 Crudeles
404 2332 484 2354 aras
502 2320 729 2364 trajectaque
747 2323 894 2364 pectora
913 2320 1010 2354 ferro

214 2371 253 2406 N
254 2372 395 2417 udavit,
417 2384 626 2418 caecumque
645 2373 776 2407 domus
795 2373 911 2407 scelus
929 2385 1036 2408 omne
1055 2373 1197 2407 retexit.
1230 2423 1250 2455 3

1186 2431 1209 2455 Β

1379 462 1420 483 3⁴20

1380 727 1421 748 325

1383 993 1424 1012 :53⁰

1386 1788 1428 1808 ⁸⁴5

1386 2052 1428 2072 ³⁶0

1383 2315 1426 2336 ³55
