1528 2569
641 127 647 130 ·
662 112 797 142 LIBER
825 112 886 141 XI.

582 329 790 384 AENEI
803 331 945 385 DOS

463 456 658 498 LIBER
690 456 1079 499 UNDECIMUS.

221 562 412 600 OOEANUM
429 564 569 599 interea
586 577 737 610 surgens
755 565 898 599 Aurora
914 565 1072 609 reliquit.

220 618 359 652 AEneas
378 617 615 663 (quamquam
633 621 670 651 et
689 617 794 652 sociis
812 617 897 652 dare
916 620 1061 662 tempus
1079 617 1274 653 humandis

221 670 458 715 Praecipitant
477 682 585 714 curae,
606 671 828 714 turbataque
847 671 974 704 funere
993 682 1095 704 mens
1115 670 1183 716 est)

220 722 320 757 Vota
337 724 458 757 Defim
475 723 591 767 primo
610 724 728 757 victor
746 723 909 757 solvebat
929 723 1014 757 Εοὸ.

220 775 414 819 Ingentem
434 787 619 820 quercum,
641 776 769 809 decisis
787 776 950 819 undique
969 775 1091 819 ramis,

221 827 423 862 Constituit
440 829 596 871 tumulo,
617 828 867 872 fulgentiaque
885 828 1007 861 induit
1026 839 1138 872 arma,

221 880 385 914 Mezenti
403 881 505 914 ducis
524 881 674 914 exuvias
686 894 694 922 3
721 881 800 923 tibi,
825 892 965 924 magne,
987 883 1180 925 tropaeum,

221 933 465 977 Bellipotens:
494 936 596 977 aptat
615 936 777 967 rorantes
797 933 971 977 sanguine
991 934 1128 976 cristas,

204 986 380 1030 ⁴Telaque
398 989 528 1020 trunca
546 986 624 1029 viri,
649 989 686 1020 et
705 986 760 1019 bis
780 997 844 1019 sex
862 987 1011 1020 thoraca
1030 986 1189 1030 petitum

221 1039 502 1083 Perfossumque
520 1039 608 1072 locis
626 1052 634 1080 ;
663 1039 903 1083 clypeumque
923 1050 968 1072 ex
988 1050 1058 1072 aere
1077 1039 1232 1073 sinistrae

223 1091 400 1135 Subligat,
422 1094 532 1135 atque
552 1103 674 1125 ensem
694 1092 784 1125 00110
804 1091 994 1135 suspendit
1013 1092 1201 1126 eburnum.

223 1144 316 1178 Tum
335 1144 447 1178 socios
467 1144 637 1189 (namque
657 1145 773 1177 oniziis
793 1155 877 1177 eum
896 1144 1031 1187 stipata
1049 1144 1195 1187 tegebat

223 1197 344 1230 Turba
363 1197 512 1242 ducum)
532 1197 581 1230 sic
600 1197 776 1240 incipiens
795 1197 964 1230 hortatur
983 1199 1153 1230 ovantes:

227 1251 252 1268 “
267 1250 431 1283 Maxima
449 1261 505 1283 res
525 1250 663 1292 effecta,
686 1249 774 1283 viri:
803 1249 914 1282 timor
932 1249 1050 1282 omnis
1068 1249 1204 1293 abesto,

226 1302 332 1343 Quod
352 1305 534 1346 superest:
563 1301 641 1335 h‘aec
660 1305 746 1335 sunt
765 1302 890 1345 spolia,
913 1304 950 1335 et
970 1302 1014 1335 de
1032 1313 1115 1345 rege
1134 1301 1287 1346 superbo

225 1355 403 1389 Primitiae
421 1368 429 1396 ;
457 1355 607 1388 manibu
627 1366 697 1398 que
716 1355 805 1388 meis
824 1354 1030 1388 Mezentius
1049 1354 1107 1387 hic
1126 1357 1190 1388 est.

224 1407 335 1441 Nunc
354 1408 425 1441 iter
442 1407 489 1441 ad
507 1419 628 1451 regem
647 1407 754 1440 nobis
772 1418 968 1451 murosque
988 1407 1148 1440 Latinos.

224 1460 338 1494 Arma
355 1463 492 1504 parate,
514 1460 643 1494 animis
663 1462 699 1493 et
719 1471 781 1503 spe
802 1459 1016 1503 praesumite
1036 1460 1173 1493 bellum
1193 1473 1202 1501 ;

225 1513 285 1547 Ne
305 1524 377 1557 qua.
395 1524 496 1546 mora
514 1513 669 1556 ignaros,
690 1512 754 1545 ubi
773 1513 932 1556 primum
951 1512 1085 1545 vellere
1104 1512 1206 1556 signa

223 1566 433 1600 Annuerint
452 1565 592 1609 Superi,
615 1565 991 1609 pubemqueeducere
1012 1565 1150 1609 castris,

224 1618 420 1662 Impediat,
443 1630 640 1662 segnesque
660 1621 761 1652 met]
782 1618 966 1652 sententia
987 1618 1118 1652 tardet.

225 1671 372 1705 Interea
391 1671 503 1705 soc-ios
521 1671 785 1714 inhumataque
806 1683 954 1714 corpora
972 1673 1078 1704 terrae

224 1724 447 1758 Mandemus
467 1737 475 1766 ;
504 1725 568 1767 qui
587 1724 684 1757 solus
703 1724 817 1757 honos
839 1724 1044 1757 Acheronte
1065 1723 1132 1757 sub
1152 1723 1226 1757 imo
1246 1726 1310 1758 est.

226 1777 284 1810 Ite
305 1777 385 1821 (ait)
406 1790 413 1818 3
443 1777 602 1820 egregias
621 1777 771 1820 animas,
794 1788 875 1819 quse
898 1777 1072 1819 sanguine
1092 1777 1196 1809 nobis

226 1829 334 1863 Hanc
352 1829 506 1873 patriam
526 1830 693 1872 peperere
713 1840 790 1871 suo,
813 1829 979 1862 decorate
1000 1829 1177 1872 supremis

227 1882 444 1916 Muneribus
465 1895 472 1923 ;
501 1884 740 1925 moestamque
760 1881 922 1914 Evandri
940 1881 1080 1925 primus
1099 1881 1145 1915 acl
1164 1881 1291 1915 urbem

227 1935 405 1969 Mittatur
423 1935 556 1977 Pallas,
579 1946 687 1978 quem
706 1946 781 1968 non
799 1934 948 1967 virtutis
967 1937 1134 1977 egentem

228 1988 394 2022 Abstulit
414 1990 494 2021 atra
514 1987 602 2030 dies,
625 1990 662 2020 et
680 1988 807 2020 funere
826 1987 951 2020 mersit
970 1987 1106 2020 acerbo.
1115 1986 1134 2002 ''

229 2040 286 2075 Sic
305 2041 357 2074 ait
376 2041 607 2084 illacrymans
625 2054 632 2081 ;
661 2040 860 2083 recipitque
880 2040 927 2073 ad
946 2039 1072 2073 limina
1091 2050 1253 2083 gressum
1271 2051 1278 2075 :

229 2093 366 2137 Corpus
385 2093 449 2127 ubi
469 2093 628 2126 exanimi
646 2093 806 2136 positum
825 2092 1004 2126 Pallantis
1023 2092 1171 2126 Acoetes

229 2146 404 2180 servabat
423 2146 552 2188 senior,
576 2145 640 2189 qui
660 2145 850 2179 Parrhasio
869 2145 1040 2179 Evandro

229 2199 397 2243 Armiger
416 2201 501 2233 ante
521 2198 592 2232 fuit
610 2211 617 2239 ;
647 2198 710 2231 sed
730 2209 803 2231 non
823 2198 987 2231 felicibus
1006 2209 1110 2241 aeque

229 2251 323 2285 Tum
343 2263 460 2285 comes
480 2251 648 2295 auspiciis
668 2262 749 2284 caro
769 2250 877 2284 datus
896 2251 972 2284 ibat
992 2251 1149 2285 alumno.

230 2303 375 2338 Circum
394 2305 511 2338 omnis
529 2304 781 2347 famulumque
800 2315 941 2346 manus,
964 2303 1192 2348 Trojanaque
1210 2303 1332 2347 turba,

231 2355 279 2390 Et
299 2360 470 2391 moestum
492 2357 626 2390 Iliades
645 2357 782 2390 crinem
801 2356 846 2390 de
865 2367 964 2390 more
984 2356 1121 2390 solutae.
1293 2405 1312 2435 2

1247 2414 1270 2436 K

1352 104 1431 141 195

1410 1037 1435 1057 10

1411 1300 1435 1320 1⁵

1410 1562 1437 1583 20

1410 1826 1438 1846 25

1412 2088 1440 2109 30

1412 2351 1440 2373 35
