1528 2569
665 96 798 124 LIBER
826 95 857 124 1.

212 182 469 228 Nequicquam
488 195 584 218 seros
604 187 746 218 exercet
764 187 897 218 noctua
915 186 1054 218 cantus.

210 236 372 281 Apparet
390 236 531 281 liquido
551 237 715 271 sublimis
734 237 772 271 in
791 242 871 272 aere
890 237 1017 279 Nisus,

208 288 258 323 Et
276 301 342 333 pro
361 301 542 334 purpureo
560 302 685 334 poenas
705 290 769 324 dat
789 290 909 334 Scylla
927 289 1065 334 capillo

212 341 436 386 Quacunque
455 343 518 376 illa
536 343 654 376 levem
679 343 822 387 fugiens
842 345 939 376 secat
957 343 1094 376 aethera
1112 342 1254 386 pennis,

212 395 306 428 Ecce
321 395 501 438 inimicus,
524 398 641 439 atrox,
664 407 795 440 magno
815 396 969 429 stridore
989 406 1052 439 per
1071 407 1176 429 auras

210 448 422 491 Insequitur
441 448 554 482 Nisus
575 461 582 483 z
611 460 684 492 qua
703 460 739 482 se
758 449 830 482 fert
851 449 965 482 Nisus
984 448 1030 482 ad
1050 459 1168 492 auras,

211 500 282 534 Illa
299 501 417 534 levem
435 501 578 545 fugiens
596 502 731 545 raptim
750 504 846 535 secat
865 502 1001 535 aethera
1019 501 1159 545 pennis.

212 553 305 587 Tum
323 554 480 598 liquidas
500 555 597 587 corvi
616 566 737 598 presso
756 557 814 588 ter
838 557 986 598 gutture
1008 565 1111 587 Voces

210 606 289 640 Aut
308 609 438 650 quater
456 607 682 651 ingeminant
700 620 708 648 ;
737 610 773 640 et
793 619 887 650 saepe
907 606 1086 640 cubilibus
1105 607 1201 650 altis,

215 659 349 692 Nescio
369 671 441 702 qua
455 663 588 703 praeter
602 660 750 693 solitum
770 659 961 693 dulcedine
980 659 1068 702 laeti,

211 711 316 745 Inter
334 724 371 745 se
390 712 486 745 foliis
506 712 701 756 strepitant
719 724 726 746 ε
750 712 872 756 juvat,
894 712 1069 745 imbribus
1087 712 1189 756 actis,

212 764 428 808 Progeniem
447 776 607 808 parvam,
630 765 826 808 dulcesque
844 765 1000 798 revisere
1018 765 1133 799 nidos.

211 817 325 851 Haud
344 818 513 861 equidem
533 818 651 861 credo,
670 818 756 861 quia
775 818 822 851 sit
841 817 1017 851 divinitus
1036 817 1109 851 illis

211 869 416 914 Ingenium,
447 873 512 904 aut
530 882 651 904 rerum
669 872 746 904 fato
774 871 968 915 prudentia
985 871 1102 914 major
1119 883 1126 906 :

212 923 364 966 Verum,
386 923 450 957 ubi
469 926 664 967 tempestas
685 926 720 957 et
741 924 822 958 coeli
841 924 985 957 mobilis
1009 923 1141 957 humor

213 976 408 1010 Mutavere
429 976 516 1020 vias,
539 979 576 1010 et
604 976 630 1009 J
632 977 753 1021 upiter
772 977 905 1010 uvidus
925 977 1071 1010 Austris

211 1029 351 1063 Densat
370 1032 473 1063 erant
493 1041 575 1073 quae
594 1041 674 1063 rara
692 1030 812 1073 modo,
831 1032 867 1063 et
887 1041 969 1073 quae
988 1029 1101 1063 densa
1118 1029 1258 1064 relaxat
1275 1042 1285 1071 ;

212 1081 421 1116 Vertuntur
440 1082 573 1126 species
593 1083 809 1125 animorum,
832 1085 868 1116 et
887 1085 1034 1126 pectora
1051 1085 1173 1116 motus

212 1135 324 1169 Nunc
343 1135 444 1178 alios,
467 1135 567 1178 alios,
590 1136 678 1169 dum
697 1136 823 1169 nubila
841 1138 974 1169 ventus
992 1136 1134 1179 agebat,

215 1187 433 1231 Concipiunt
454 1201 460 1222 :
488 1188 574 1222 hinc
593 1189 654 1222 ille
670 1189 792 1222 avium
808 1191 1003 1222 concentus
1022 1188 1060 1221 in
1079 1188 1184 1232 agris,

214 1240 263 1274 Et
282 1241 376 1274 laetae
395 1241 561 1284 pecudeS,
586 1244 623 1274 et
643 1245 793 1275 ovantes
812 1244 961 1285 gutture
982 1241 1088 1275 corvi.

268 1293 305 1327 Si
323 1305 409 1327 vero
430 1293 549 1327 Solem
568 1294 615 1327 ad
637 1294 806 1338 rapidum
825 1295 1020 1338 Lunasque
1040 1297 1234 1337 sequentes

215 1345 351 1380 Ordine
370 1347 547 1390 respicies,
572 1358 760 1390 nunquam
779 1350 816 1380 te
837 1347 993 1380 crastina
1011 1347 1114 1380 fallet

214 1399 329 1442 Hora,
351 1411 469 1443 neque
489 1399 630 1433 insidiis
649 1400 766 1433 noctis
791 1400 929 1443 capiere
949 1411 1094 1434 serenae.

213 1452 330 1495 Luna,
352 1455 576 1486 revertentes
596 1464 709 1496 quum
728 1452 887 1496 primum
907 1453 1043 1496 colligit
1061 1453 1175 1496 ignes,

214 1504 252 1539 Si
270 1505 416 1548 nigrmn
435 1505 585 1539 obscuro
605 1506 871 1549 comprenderit
891 1509 973 1539 aera
996 1517 1121 1549 cornu,

215 1557 401 1592 Maximus
421 1558 584 1602 agricolis
603 1559 802 1602 pelagoque
821 1558 1008 1602 parabitur
1026 1559 1142 1593 imber
1160 1571 1170 1601 3

213 1611 276 1654 At,
299 1611 330 1644 si
348 1611 550 1654 virgineum
570 1612 761 1645 suffuderit
780 1623 840 1646 ore
859 1612 1039 1655 ruborem,

214 1663 360 1697 Ventus
379 1664 449 1697 erit
467 1677 473 1698 :
505 1667 614 1698 vento
634 1676 773 1708 semper
791 1665 898 1698 rubet
918 1676 1026 1698 aurea
1041 1664 1190 1699 Phoebe.

215 1715 279 1750 Sin
299 1719 382 1750 ortu
402 1719 533 1761 quarto
554 1717 724 1762 (namque
743 1718 773 1751 is
794 1718 1015 1751 certissimus
1035 1718 1175 1763 auctor)

212 1769 322 1812 Pura,
346 1782 464 1814 neque
484 1770 623 1803 obtusis
641 1782 705 1814 per
724 1771 856 1804 coelum
876 1771 1042 1804 cornibus
1056 1771 1137 1814 ibit,

212 1821 325 1856 Totus
346 1825 382 1855 et
400 1823 462 1856 ille
484 1823 572 1866 dies,
595 1826 632 1857 et
652 1823 717 1867 qui
735 1826 930 1857 nascentur
949 1823 994 1857 ab
1012 1823 1076 1857 illo

211 1874 392 1909 Exactum
411 1876 456 1909 ad
476 1887 649 1919 mensem,
672 1876 797 1919 pluvia
815 1877 1008 1920 ventisque
1028 1876 1202 1910 carebunt
1219 1889 1229 1912 ε

211 1927 383 1972 Votaque
411 1928 545 1962 servati
563 1929 705 1962 solvent
724 1929 761 1962 in
781 1930 904 1963 littore
924 1932 1047 1963 nautae

213 1980 364 2024 Glauco,
387 1983 424 2014 et
444 1981 636 2026 Panopeae,
660 1987 696 2015 et
716 1982 807 2016 Inoo
833 1982 1042 2016 Melicertae.

213 2032 276 2067 Sol
295 2045 440 2077 quoque
461 2036 497 2067 et
517 2035 694 2077 exoriens,
717 2038 754 2068 et
773 2047 886 2079 quum
906 2047 942 2068 se
962 2035 1086 2069 condit
1105 2035 1143 2068 in
1162 2035 1292 2080 undas,

213 2085 323 2130 Signa
342 2086 444 2120 dabit
463 2100 469 2121 :
499 2087 612 2120 solem
632 2087 830 2121 certissima
848 2088 950 2132 signa
970 2091 1186 2132 sequuntur,

212 2136 265 2174 Et
285 2150 367 2182 quae
387 2151 492 2173 mane
511 2140 634 2184 refert,
657 2142 693 2173 ct
714 2152 796 2184 quae
822 2141 1051 2184 surgentibus
1071 2141 1186 2176 astris.

212 2191 281 2225 Ille
299 2192 364 2225 ubi
383 2195 592 2226 nascentem
611 2193 762 2226 maculis
777 2193 970 2227 variaverit
990 2195 1111 2227 ortum

213 2243 391 2278 Conditus
411 2245 449 2278 in
469 2245 617 2288 nubem,
640 2246 831 2290 medioque
851 2246 1026 2290 refugerit
1045 2246 1143 2289 orbe,

213 2296 380 2341 Suspecti
399 2298 467 2331 tibi
487 2298 561 2331 sint
580 2299 713 2332 imbres
734 2312 740 2339 ;
769 2311 925 2343 namque
944 2302 1050 2343 urget
1069 2300 1114 2333 ab
1133 2300 1208 2333 alto

213 2350 487 2396 Arboribusque
507 2351 667 2397 satisque
688 2352 821 2396 Notus,
843 2352 1036 2397 pecorique
1056 2353 1209 2386 sinister.

1228 2410 1247 2433 o
1271 2402 1290 2433 3

1361 87 1414 123 33

1375 288 1416 308 ⁴05

1376 551 1417 571 410

1375 816 1415 836 415

1380 1080 1419 1101 ⁸20

1379 1345 1419 1365 425

1383 1875 1421 1896 1:3⁵

1380 2137 1421 2159 ⁴00
