<?xml version="1.0" encoding="UTF-8"?>
<!DOCTYPE html PUBLIC "-//W3C//DTD XHTML 1.0 Transitional//EN"
    "http://www.w3.org/TR/xhtml1/DTD/xhtml1-transitional.dtd">
<html xmlns="http://www.w3.org/1999/xhtml" xml:lang="en" lang="en">
 <head>
  <title>
</title>
<meta http-equiv="Content-Type" content="text/html;charset=utf-8" />
  <meta name='ocr-system' content='tesseract 3.04.00' />
  <meta name='ocr-capabilities' content='ocr_page ocr_carea ocr_par ocr_line ocrx_word'/>
</head>
<body>
  <div class='ocr_page' id='page_1' title='image "./operavir00virguoft_0245.png"; bbox 0 0 1528 2569; ppageno 0'>
   <div class='ocr_carea' id='block_1_1' title="bbox 641 59 867 90">
    <p class='ocr_par' dir='ltr' id='par_1_1' title="bbox 641 59 867 90">
     <span class='ocr_line' id='line_1_1' title="bbox 641 59 867 90; baseline -0.009 0"><span class='ocrx_word' id='word_1_1' title='bbox 641 61 774 90; x_wconf 81' lang='lat' dir='ltr'><strong>LIBER</strong></span> <span class='ocrx_word' id='word_1_2' title='bbox 803 59 867 89; x_wconf 86' lang='lat' dir='ltr'>m.</span> 
     </span>
    </p>
   </div>
   <div class='ocr_carea' id='block_1_2' title="bbox 187 146 1308 2362">
    <p class='ocr_par' dir='ltr' id='par_1_2' title="bbox 187 146 1308 2362">
     <span class='ocr_line' id='line_1_2' title="bbox 206 146 1271 193; baseline -0.003 -8"><span class='ocrx_word' id='word_1_3' title='bbox 206 148 375 185; x_wconf 72' lang='lat' dir='ltr'>Ledaeam</span> <span class='ocrx_word' id='word_1_4' title='bbox 393 148 630 193; x_wconf 83' lang='lat' dir='ltr'><strong>Hermionen,</strong></span> <span class='ocrx_word' id='word_1_5' title='bbox 653 147 1017 192; x_wconf 72' lang='lat' dir='ltr'>Lacedaemoniosque</span> <span class='ocrx_word' id='word_1_6' title='bbox 1035 146 1271 192; x_wconf 82' lang='lat' dir='ltr'>Hymenaeos,</span> 
     </span>
     <span class='ocr_line' id='line_1_3' title="bbox 206 201 1306 247; baseline 0 -10"><span class='ocrx_word' id='word_1_7' title='bbox 206 203 270 237; x_wconf 93' lang='lat' dir='ltr'>Me</span> <span class='ocrx_word' id='word_1_8' title='bbox 288 203 462 237; x_wconf 80' lang='lat' dir='ltr'>famulam</span> <span class='ocrx_word' id='word_1_9' title='bbox 480 202 691 247; x_wconf 83' lang='lat' dir='ltr'>famuloque</span> <span class='ocrx_word' id='word_1_10' title='bbox 710 202 854 236; x_wconf 90' lang='lat' dir='ltr'>Heleno</span> <span class='ocrx_word' id='word_1_11' title='bbox 872 201 1074 235; x_wconf 73' lang='lat' dir='ltr'><strong>transmisit</strong></span> <span class='ocrx_word' id='word_1_12' title='bbox 1092 201 1306 237; x_wconf 73' lang='lat' dir='ltr'>habendam</span> 
     </span>
     <span class='ocr_line' id='line_1_4' title="bbox 205 255 1115 299; baseline -0.003 -9"><span class='ocrx_word' id='word_1_13' title='bbox 205 257 275 290; x_wconf 87' lang='lat' dir='ltr'>Ast</span> <span class='ocrx_word' id='word_1_14' title='bbox 288 256 405 299; x_wconf 90' lang='lat' dir='ltr'>illum,</span> <span class='ocrx_word' id='word_1_15' title='bbox 426 258 560 299; x_wconf 77' lang='lat' dir='ltr'>ereptae</span> <span class='ocrx_word' id='word_1_16' title='bbox 579 267 711 299; x_wconf 86' lang='lat' dir='ltr'>magno</span> <span class='ocrx_word' id='word_1_17' title='bbox 728 255 975 289; x_wconf 87' lang='lat' dir='ltr'>inflammatus</span> <span class='ocrx_word' id='word_1_18' title='bbox 993 265 1115 288; x_wconf 84' lang='lat' dir='ltr'>amore</span> 
     </span>
     <span class='ocr_line' id='line_1_5' title="bbox 205 306 1141 353; baseline -0.002 -11"><span class='ocrx_word' id='word_1_19' title='bbox 205 308 391 353; x_wconf 86' lang='lat' dir='ltr'>Conjugis,</span> <span class='ocrx_word' id='word_1_20' title='bbox 413 311 451 342; x_wconf 88' lang='lat' dir='ltr'>et</span> <span class='ocrx_word' id='word_1_21' title='bbox 469 308 643 342; x_wconf 84' lang='lat' dir='ltr'>scelerum</span> <span class='ocrx_word' id='word_1_22' title='bbox 663 308 783 341; x_wconf 84' lang='lat' dir='ltr'>Furiis</span> <span class='ocrx_word' id='word_1_23' title='bbox 802 308 973 351; x_wconf 80' lang='lat' dir='ltr'>agitatus,</span> <span class='ocrx_word' id='word_1_24' title='bbox 996 306 1141 341; x_wconf 86' lang='lat' dir='ltr'>Orestes</span> 
     </span>
     <span class='ocr_line' id='line_1_6' title="bbox 204 360 1166 405; baseline 0 -10"><span class='ocrx_word' id='word_1_25' title='bbox 204 360 351 405; x_wconf 81' lang='lat' dir='ltr'>Excipit</span> <span class='ocrx_word' id='word_1_26' title='bbox 368 361 557 394; x_wconf 88' lang='lat' dir='ltr'>incautum</span> <span class='ocrx_word' id='word_1_27' title='bbox 574 361 782 405; x_wconf 79' lang='lat' dir='ltr'>patriasque</span> <span class='ocrx_word' id='word_1_28' title='bbox 801 361 994 394; x_wconf 73' lang='lat' dir='ltr'><strong>obtruncat</strong></span> <span class='ocrx_word' id='word_1_29' title='bbox 1012 360 1059 394; x_wconf 85' lang='lat' dir='ltr'>ad</span> <span class='ocrx_word' id='word_1_30' title='bbox 1077 371 1166 395; x_wconf 81' lang='lat' dir='ltr'>aras.</span> 
     </span>
     <span class='ocr_line' id='line_1_7' title="bbox 205 413 1076 458; baseline -0.002 -10"><span class='ocrx_word' id='word_1_31' title='bbox 205 413 327 448; x_wconf 88' lang='lat' dir='ltr'>Morte</span> <span class='ocrx_word' id='word_1_32' title='bbox 345 414 580 458; x_wconf 70' lang='lat' dir='ltr'>Neoptolemi</span> <span class='ocrx_word' id='word_1_33' title='bbox 596 425 789 457; x_wconf 81' lang='lat' dir='ltr'>regnorum</span> <span class='ocrx_word' id='word_1_34' title='bbox 807 413 952 447; x_wconf 85' lang='lat' dir='ltr'>reddita</span> <span class='ocrx_word' id='word_1_35' title='bbox 970 413 1076 446; x_wconf 85' lang='lat' dir='ltr'>cessit</span> 
     </span>
     <span class='ocr_line' id='line_1_8' title="bbox 203 465 1175 510; baseline -0.001 -9"><span class='ocrx_word' id='word_1_36' title='bbox 203 466 294 501; x_wconf 85' lang='lat' dir='ltr'>Pars</span> <span class='ocrx_word' id='word_1_37' title='bbox 312 467 456 501; x_wconf 87' lang='lat' dir='ltr'>Heleno</span> <span class='ocrx_word' id='word_1_38' title='bbox 474 479 481 501; x_wconf 89' lang='lat'>:</span> <span class='ocrx_word' id='word_1_39' title='bbox 510 466 574 510; x_wconf 91' lang='lat' dir='ltr'>qui</span> <span class='ocrx_word' id='word_1_40' title='bbox 592 466 770 500; x_wconf 83' lang='lat' dir='ltr'>Chaonios</span> <span class='ocrx_word' id='word_1_41' title='bbox 788 465 1000 510; x_wconf 84' lang='lat' dir='ltr'>cognomine</span> <span class='ocrx_word' id='word_1_42' title='bbox 1018 476 1175 510; x_wconf 86' lang='lat' dir='ltr'>campos,</span> 
     </span>
     <span class='ocr_line' id='line_1_9' title="bbox 205 518 1158 564; baseline -0.001 -11"><span class='ocrx_word' id='word_1_43' title='bbox 205 519 475 564; x_wconf 86' lang='lat' dir='ltr'>Chaoniamque</span> <span class='ocrx_word' id='word_1_44' title='bbox 494 531 638 553; x_wconf 89' lang='lat' dir='ltr'>omnem</span> <span class='ocrx_word' id='word_1_45' title='bbox 657 518 812 563; x_wconf 84' lang='lat' dir='ltr'>Trojano</span> <span class='ocrx_word' id='word_1_46' title='bbox 831 524 853 554; x_wconf 85' lang='lat' dir='ltr'>a</span> <span class='ocrx_word' id='word_1_47' title='bbox 872 519 1017 552; x_wconf 85' lang='lat' dir='ltr'>Chaone</span> <span class='ocrx_word' id='word_1_48' title='bbox 1035 518 1130 552; x_wconf 82' lang='lat' dir='ltr'>dixit</span> <span class='ocrx_word' id='word_1_49' title='bbox 1149 531 1158 560; x_wconf 82' lang='lat'><em>3</em></span> 
     </span>
     <span class='ocr_line' id='line_1_10' title="bbox 187 570 1236 620; baseline 0 -14"><span class='ocrx_word' id='word_1_50' title='bbox 187 572 453 620; x_wconf 67' lang='lat' dir='ltr'>⁴Pergamaque</span> <span class='ocrx_word' id='word_1_51' title='bbox 473 572 696 616; x_wconf 83' lang='lat' dir='ltr'>Iliacamque</span> <span class='ocrx_word' id='word_1_52' title='bbox 711 571 811 615; x_wconf 76' lang='lat' dir='ltr'>jugis</span> <span class='ocrx_word' id='word_1_53' title='bbox 829 571 923 605; x_wconf 86' lang='lat' dir='ltr'>hanc</span> <span class='ocrx_word' id='word_1_54' title='bbox 943 570 1089 604; x_wconf 84' lang='lat' dir='ltr'>addidit</span> <span class='ocrx_word' id='word_1_55' title='bbox 1108 582 1236 606; x_wconf 82' lang='lat' dir='ltr'>arcem.</span> 
     </span>
     <span class='ocr_line' id='line_1_11' title="bbox 205 624 1129 669; baseline -0.002 -10"><span class='ocrx_word' id='word_1_56' title='bbox 205 625 277 659; x_wconf 81' lang='lat' dir='ltr'>Sed</span> <span class='ocrx_word' id='word_1_57' title='bbox 295 626 365 659; x_wconf 88' lang='lat' dir='ltr'>tibi</span> <span class='ocrx_word' id='word_1_58' title='bbox 384 626 448 669; x_wconf 87' lang='lat' dir='ltr'>qui</span> <span class='ocrx_word' id='word_1_59' title='bbox 467 636 613 658; x_wconf 87' lang='lat' dir='ltr'>cursum</span> <span class='ocrx_word' id='word_1_60' title='bbox 632 624 746 667; x_wconf 81' lang='lat' dir='ltr'>venti,</span> <span class='ocrx_word' id='word_1_61' title='bbox 769 636 851 668; x_wconf 67' lang='lat' dir='ltr'>quae</span> <span class='ocrx_word' id='word_1_62' title='bbox 870 624 947 658; x_wconf 85' lang='lat' dir='ltr'>fata</span> <span class='ocrx_word' id='word_1_63' title='bbox 968 624 1099 657; x_wconf 75' lang='lat' dir='ltr'>dedere</span> <span class='ocrx_word' id='word_1_64' title='bbox 1117 624 1129 657; x_wconf 77' lang='grc' dir='ltr'>’.ῑ</span> 
     </span>
     <span class='ocr_line' id='line_1_12' title="bbox 203 676 1170 722; baseline -0.003 -10"><span class='ocrx_word' id='word_1_65' title='bbox 203 679 282 712; x_wconf 88' lang='lat' dir='ltr'>Aut</span> <span class='ocrx_word' id='word_1_66' title='bbox 301 677 382 722; x_wconf 89' lang='lat' dir='ltr'>quis</span> <span class='ocrx_word' id='word_1_67' title='bbox 399 681 437 711; x_wconf 88' lang='lat' dir='ltr'>te</span> <span class='ocrx_word' id='word_1_68' title='bbox 455 677 622 721; x_wconf 81' lang='lat' dir='ltr'>ignarum</span> <span class='ocrx_word' id='word_1_69' title='bbox 641 676 774 710; x_wconf 87' lang='lat' dir='ltr'>nostris</span> <span class='ocrx_word' id='word_1_70' title='bbox 792 677 892 710; x_wconf 86' lang='lat' dir='ltr'>Deus</span> <span class='ocrx_word' id='word_1_71' title='bbox 911 677 1052 721; x_wconf 83' lang='lat' dir='ltr'>appulit</span> <span class='ocrx_word' id='word_1_72' title='bbox 1072 676 1142 709; x_wconf 86' lang='lat' dir='ltr'>oris</span> <span class='ocrx_word' id='word_1_73' title='bbox 1157 676 1170 710; x_wconf 74' lang='lat'><strong><em>2</em></strong></span> 
     </span>
     <span class='ocr_line' id='line_1_13' title="bbox 204 729 1231 774; baseline -0.001 -10"><span class='ocrx_word' id='word_1_74' title='bbox 204 730 300 771; x_wconf 84' lang='lat' dir='ltr'><strong>Quid</strong></span> <span class='ocrx_word' id='word_1_75' title='bbox 319 742 409 774; x_wconf 88' lang='lat' dir='ltr'>puer</span> <span class='ocrx_word' id='word_1_76' title='bbox 427 729 604 764; x_wconf 84' lang='lat' dir='ltr'>Ascanius</span> <span class='ocrx_word' id='word_1_77' title='bbox 619 729 631 762; x_wconf 77' lang='lat'><strong><em>2</em></strong></span> <span class='ocrx_word' id='word_1_78' title='bbox 658 731 863 773; x_wconf 75' lang='lat' dir='ltr'>superatne,</span> <span class='ocrx_word' id='word_1_79' title='bbox 885 732 922 763; x_wconf 91' lang='lat' dir='ltr'>et</span> <span class='ocrx_word' id='word_1_80' title='bbox 941 729 1100 764; x_wconf 85' lang='lat' dir='ltr'>vescitur</span> <span class='ocrx_word' id='word_1_81' title='bbox 1116 731 1204 763; x_wconf 75' lang='lat' dir='ltr'>aura</span> <span class='ocrx_word' id='word_1_82' title='bbox 1219 729 1231 762; x_wconf 77' lang='lat'><strong><em>2</em></strong></span> 
     </span>
     <span class='ocr_line' id='line_1_14' title="bbox 203 782 730 827; baseline -0.004 -10"><span class='ocrx_word' id='word_1_83' title='bbox 203 783 321 824; x_wconf 81' lang='lat' dir='ltr'>Quem</span> <span class='ocrx_word' id='word_1_84' title='bbox 338 783 408 816; x_wconf 88' lang='lat' dir='ltr'>tibi</span> <span class='ocrx_word' id='word_1_85' title='bbox 421 783 499 827; x_wconf 87' lang='lat' dir='ltr'>jam</span> <span class='ocrx_word' id='word_1_86' title='bbox 518 782 730 826; x_wconf 68' lang='lat' dir='ltr'>&#39;froja——</span> 
     </span>
     <span class='ocr_line' id='line_1_15' title="bbox 202 832 1148 880; baseline -0.001 -10"><span class='ocrx_word' id='word_1_87' title='bbox 202 836 328 880; x_wconf 86' lang='lat' dir='ltr'>Ecqua</span> <span class='ocrx_word' id='word_1_88' title='bbox 344 839 469 870; x_wconf 88' lang='lat' dir='ltr'>tamen</span> <span class='ocrx_word' id='word_1_89' title='bbox 487 846 599 879; x_wconf 87' lang='lat' dir='ltr'>puero</span> <span class='ocrx_word' id='word_1_90' title='bbox 619 837 674 868; x_wconf 87' lang='lat' dir='ltr'>est</span> <span class='ocrx_word' id='word_1_91' title='bbox 692 835 833 869; x_wconf 78' lang='lat' dir='ltr'>amissae</span> <span class='ocrx_word' id='word_1_92' title='bbox 853 846 938 869; x_wconf 84' lang='lat' dir='ltr'>cura</span> <span class='ocrx_word' id='word_1_93' title='bbox 956 835 1116 879; x_wconf 84' lang='lat' dir='ltr'>parentis</span> <span class='ocrx_word' id='word_1_94' title='bbox 1131 832 1148 870; x_wconf 73' lang='grc' dir='ltr'>Ρ</span> 
     </span>
     <span class='ocr_line' id='line_1_16' title="bbox 202 885 1223 932; baseline -0.001 -10"><span class='ocrx_word' id='word_1_95' title='bbox 202 888 345 932; x_wconf 88' lang='lat' dir='ltr'>Ecquid</span> <span class='ocrx_word' id='word_1_96' title='bbox 363 889 402 922; x_wconf 90' lang='lat' dir='ltr'>in</span> <span class='ocrx_word' id='word_1_97' title='bbox 420 889 611 932; x_wconf 88' lang='lat' dir='ltr'>antiquam</span> <span class='ocrx_word' id='word_1_98' title='bbox 629 888 805 921; x_wconf 73' lang='lat' dir='ltr'>Virtutem</span> <span class='ocrx_word' id='word_1_99' title='bbox 824 888 1037 932; x_wconf 86' lang='lat' dir='ltr'>animosque</span> <span class='ocrx_word' id='word_1_100' title='bbox 1055 888 1190 931; x_wconf 85' lang='lat' dir='ltr'>viriles,</span> <span class='ocrx_word' id='word_1_101' title='bbox 1219 885 1223 890; x_wconf 81' lang='grc'><em>’</em></span> 
     </span>
     <span class='ocr_line' id='line_1_17' title="bbox 202 940 1192 985; baseline -0.001 -10"><span class='ocrx_word' id='word_1_102' title='bbox 202 941 251 975; x_wconf 86' lang='lat' dir='ltr'>Et</span> <span class='ocrx_word' id='word_1_103' title='bbox 269 944 373 985; x_wconf 89' lang='lat' dir='ltr'>pater</span> <span class='ocrx_word' id='word_1_104' title='bbox 391 941 540 984; x_wconf 87' lang='lat' dir='ltr'>AEueas,</span> <span class='ocrx_word' id='word_1_105' title='bbox 563 944 600 974; x_wconf 88' lang='lat' dir='ltr'>et</span> <span class='ocrx_word' id='word_1_106' title='bbox 619 941 821 974; x_wconf 85' lang='lat' dir='ltr'>avunculus</span> <span class='ocrx_word' id='word_1_107' title='bbox 841 942 978 975; x_wconf 82' lang='lat' dir='ltr'>excitat</span> <span class='ocrx_word' id='word_1_108' title='bbox 999 941 1140 975; x_wconf 88' lang='lat' dir='ltr'>Hector</span> <span class='ocrx_word' id='word_1_109' title='bbox 1154 940 1192 975; x_wconf 72' lang='lat'>2&#39;’</span> 
     </span>
     <span class='ocr_line' id='line_1_18' title="bbox 203 994 1082 1038; baseline -0.001 -10"><span class='ocrx_word' id='word_1_110' title='bbox 203 994 302 1028; x_wconf 85' lang='lat' dir='ltr'>Talia</span> <span class='ocrx_word' id='word_1_111' title='bbox 319 994 498 1028; x_wconf 87' lang='lat' dir='ltr'>fundebat</span> <span class='ocrx_word' id='word_1_112' title='bbox 516 994 731 1037; x_wconf 82' lang='lat' dir='ltr'>lacrymans,</span> <span class='ocrx_word' id='word_1_113' title='bbox 753 994 951 1038; x_wconf 80' lang='lat' dir='ltr'>longosque</span> <span class='ocrx_word' id='word_1_114' title='bbox 966 994 1082 1028; x_wconf 87' lang='lat' dir='ltr'>ciebat</span> 
     </span>
     <span class='ocr_line' id='line_1_19' title="bbox 202 1047 1139 1090; baseline -0.001 -9"><span class='ocrx_word' id='word_1_115' title='bbox 202 1047 391 1081; x_wconf 85' lang='lat' dir='ltr'>Incassum</span> <span class='ocrx_word' id='word_1_116' title='bbox 408 1047 517 1081; x_wconf 88' lang='lat' dir='ltr'>fletus</span> <span class='ocrx_word' id='word_1_117' title='bbox 533 1060 541 1088; x_wconf 88' lang='lat'>;</span> <span class='ocrx_word' id='word_1_118' title='bbox 571 1058 684 1090; x_wconf 86' lang='lat' dir='ltr'>quum</span> <span class='ocrx_word' id='word_1_119' title='bbox 704 1058 780 1080; x_wconf 87' lang='lat' dir='ltr'>sese</span> <span class='ocrx_word' id='word_1_120' title='bbox 799 1058 820 1080; x_wconf 86' lang='lat' dir='ltr'>a</span> <span class='ocrx_word' id='word_1_121' title='bbox 838 1047 1019 1081; x_wconf 86' lang='lat' dir='ltr'>moenibus</span> <span class='ocrx_word' id='word_1_122' title='bbox 1033 1047 1139 1080; x_wconf 73' lang='lat' dir='ltr'>heros</span> 
     </span>
     <span class='ocr_line' id='line_1_20' title="bbox 201 1099 1137 1142; baseline -0.001 -8"><span class='ocrx_word' id='word_1_123' title='bbox 201 1100 402 1134; x_wconf 84' lang='lat' dir='ltr'>Priamides</span> <span class='ocrx_word' id='word_1_124' title='bbox 419 1100 545 1133; x_wconf 87' lang='lat' dir='ltr'>multis</span> <span class='ocrx_word' id='word_1_125' title='bbox 562 1099 728 1133; x_wconf 84' lang='lat' dir='ltr'>Helenus</span> <span class='ocrx_word' id='word_1_126' title='bbox 745 1100 1004 1134; x_wconf 88' lang='lat' dir='ltr'>comitantibus</span> <span class='ocrx_word' id='word_1_127' title='bbox 1021 1101 1137 1142; x_wconf 72' lang='lat' dir='ltr'>affert,</span> 
     </span>
     <span class='ocr_line' id='line_1_21' title="bbox 200 1153 1122 1197; baseline 0 -11"><span class='ocrx_word' id='word_1_128' title='bbox 200 1153 449 1197; x_wconf 83' lang='lat' dir='ltr'>Agnoscitque</span> <span class='ocrx_word' id='word_1_129' title='bbox 467 1164 563 1196; x_wconf 88' lang='lat' dir='ltr'>suos,</span> <span class='ocrx_word' id='word_1_130' title='bbox 584 1153 764 1197; x_wconf 67' lang='lat' dir='ltr'>laetusque</span> <span class='ocrx_word' id='word_1_131' title='bbox 782 1153 828 1186; x_wconf 85' lang='lat' dir='ltr'>ad</span> <span class='ocrx_word' id='word_1_132' title='bbox 848 1153 974 1187; x_wconf 85' lang='lat' dir='ltr'>limina</span> <span class='ocrx_word' id='word_1_133' title='bbox 992 1153 1095 1186; x_wconf 88' lang='lat' dir='ltr'>ducit</span> <span class='ocrx_word' id='word_1_134' title='bbox 1113 1166 1122 1194; x_wconf 90' lang='lat'>;</span> 
     </span>
     <span class='ocr_line' id='line_1_22' title="bbox 201 1205 1172 1250; baseline -0.001 -11"><span class='ocrx_word' id='word_1_135' title='bbox 201 1205 251 1239; x_wconf 88' lang='lat' dir='ltr'>Et</span> <span class='ocrx_word' id='word_1_136' title='bbox 269 1206 428 1239; x_wconf 88' lang='lat' dir='ltr'>multum</span> <span class='ocrx_word' id='word_1_137' title='bbox 446 1206 622 1249; x_wconf 75' lang='lat' dir='ltr'>lacrymas</span> <span class='ocrx_word' id='word_1_138' title='bbox 640 1206 751 1239; x_wconf 84' lang='lat' dir='ltr'>verba</span> <span class='ocrx_word' id='word_1_139' title='bbox 768 1206 865 1239; x_wconf 83' lang='lat' dir='ltr'>inter</span> <span class='ocrx_word' id='word_1_140' title='bbox 883 1206 1026 1250; x_wconf 85' lang='lat' dir='ltr'>singula</span> <span class='ocrx_word' id='word_1_141' title='bbox 1040 1205 1172 1239; x_wconf 79' lang='lat' dir='ltr'>fundit.</span> 
     </span>
     <span class='ocr_line' id='line_1_23' title="bbox 201 1258 1192 1303; baseline 0 -11"><span class='ocrx_word' id='word_1_142' title='bbox 201 1258 376 1302; x_wconf 83' lang='lat' dir='ltr'>Procedo,</span> <span class='ocrx_word' id='word_1_143' title='bbox 398 1261 436 1292; x_wconf 90' lang='lat' dir='ltr'>et</span> <span class='ocrx_word' id='word_1_144' title='bbox 454 1270 601 1302; x_wconf 70' lang='lat' dir='ltr'>parvam</span> <span class='ocrx_word' id='word_1_145' title='bbox 616 1259 773 1302; x_wconf 87' lang='lat' dir='ltr'>Trojam,</span> <span class='ocrx_word' id='word_1_146' title='bbox 796 1258 1038 1303; x_wconf 83' lang='lat' dir='ltr'>simulataque</span> <span class='ocrx_word' id='word_1_147' title='bbox 1053 1258 1192 1302; x_wconf 79' lang='lat' dir='ltr'>magnis</span> 
     </span>
     <span class='ocr_line' id='line_1_24' title="bbox 199 1311 1159 1355; baseline 0 -11"><span class='ocrx_word' id='word_1_148' title='bbox 199 1311 388 1355; x_wconf 84' lang='lat' dir='ltr'>Pergama,</span> <span class='ocrx_word' id='word_1_149' title='bbox 410 1314 447 1345; x_wconf 89' lang='lat' dir='ltr'>et</span> <span class='ocrx_word' id='word_1_150' title='bbox 466 1314 627 1345; x_wconf 84' lang='lat' dir='ltr'>arentem</span> <span class='ocrx_word' id='word_1_151' title='bbox 647 1311 790 1345; x_wconf 89' lang='lat' dir='ltr'>Xanthi</span> <span class='ocrx_word' id='word_1_152' title='bbox 808 1312 1020 1355; x_wconf 72' lang='lat' dir='ltr'>cognomine</span> <span class='ocrx_word' id='word_1_153' title='bbox 1038 1312 1159 1345; x_wconf 87' lang='lat' dir='ltr'>rivum</span> 
     </span>
     <span class='ocr_line' id='line_1_25' title="bbox 200 1363 1088 1408; baseline 0 -10"><span class='ocrx_word' id='word_1_154' title='bbox 200 1365 379 1408; x_wconf 87' lang='lat' dir='ltr'>Agnosco,</span> <span class='ocrx_word' id='word_1_155' title='bbox 402 1363 584 1407; x_wconf 84' lang='lat' dir='ltr'>Scaeaeque</span> <span class='ocrx_word' id='word_1_156' title='bbox 603 1364 802 1407; x_wconf 89' lang='lat' dir='ltr'>amplector</span> <span class='ocrx_word' id='word_1_157' title='bbox 818 1364 946 1398; x_wconf 79' lang='lat' dir='ltr'>limina</span> <span class='ocrx_word' id='word_1_158' title='bbox 963 1367 1088 1408; x_wconf 73' lang='lat' dir='ltr'>portae.</span> 
     </span>
     <span class='ocr_line' id='line_1_26' title="bbox 199 1416 1106 1451; baseline 0 -1"><span class='ocrx_word' id='word_1_159' title='bbox 199 1416 354 1450; x_wconf 87' lang='lat' dir='ltr'>Necnon</span> <span class='ocrx_word' id='word_1_160' title='bbox 373 1419 410 1450; x_wconf 92' lang='lat' dir='ltr'>et</span> <span class='ocrx_word' id='word_1_161' title='bbox 429 1417 556 1450; x_wconf 84' lang='lat' dir='ltr'>Teucri</span> <span class='ocrx_word' id='word_1_162' title='bbox 575 1417 669 1450; x_wconf 70' lang='lat' dir='ltr'>socia</span> <span class='ocrx_word' id='word_1_163' title='bbox 689 1417 797 1450; x_wconf 85' lang='lat' dir='ltr'>simul</span> <span class='ocrx_word' id='word_1_164' title='bbox 814 1417 904 1450; x_wconf 89' lang='lat' dir='ltr'>urbe</span> <span class='ocrx_word' id='word_1_165' title='bbox 922 1417 1106 1451; x_wconf 74' lang='lat' dir='ltr'>fruuntur.</span> 
     </span>
     <span class='ocr_line' id='line_1_27' title="bbox 198 1469 1032 1514; baseline 0.001 -11"><span class='ocrx_word' id='word_1_166' title='bbox 198 1469 288 1503; x_wconf 89' lang='lat' dir='ltr'>Illos</span> <span class='ocrx_word' id='word_1_167' title='bbox 305 1469 504 1513; x_wconf 83' lang='lat' dir='ltr'>porticibus</span> <span class='ocrx_word' id='word_1_168' title='bbox 518 1481 582 1503; x_wconf 81' lang='lat' dir='ltr'>rex</span> <span class='ocrx_word' id='word_1_169' title='bbox 601 1469 798 1513; x_wconf 67' lang='lat' dir='ltr'>accipiebat</span> <span class='ocrx_word' id='word_1_170' title='bbox 817 1469 855 1503; x_wconf 90' lang='lat' dir='ltr'>in</span> <span class='ocrx_word' id='word_1_171' title='bbox 875 1469 1003 1514; x_wconf 84' lang='lat' dir='ltr'>amplis</span> <span class='ocrx_word' id='word_1_172' title='bbox 1025 1482 1032 1505; x_wconf 90' lang='lat'>:</span> 
     </span>
     <span class='ocr_line' id='line_1_28' title="bbox 198 1520 1001 1566; baseline 0.001 -11"><span class='ocrx_word' id='word_1_173' title='bbox 198 1522 307 1556; x_wconf 71' lang='lat' dir='ltr'>Aulai*</span> <span class='ocrx_word' id='word_1_174' title='bbox 326 1522 365 1556; x_wconf 89' lang='lat' dir='ltr'>in</span> <span class='ocrx_word' id='word_1_175' title='bbox 383 1522 503 1556; x_wconf 85' lang='lat' dir='ltr'>medio</span> <span class='ocrx_word' id='word_1_176' title='bbox 521 1523 685 1556; x_wconf 86' lang='lat' dir='ltr'>libabant</span> <span class='ocrx_word' id='word_1_177' title='bbox 703 1523 833 1566; x_wconf 85' lang='lat' dir='ltr'>pocula</span> <span class='ocrx_word' id='word_1_178' title='bbox 854 1520 1001 1566; x_wconf 85' lang='lat' dir='ltr'>Bacchi,</span> 
     </span>
     <span class='ocr_line' id='line_1_29' title="bbox 196 1575 1114 1620; baseline 0.001 -12"><span class='ocrx_word' id='word_1_179' title='bbox 196 1575 383 1619; x_wconf 84' lang='lat' dir='ltr'>Impositis</span> <span class='ocrx_word' id='word_1_180' title='bbox 402 1586 489 1609; x_wconf 86' lang='lat' dir='ltr'>auro</span> <span class='ocrx_word' id='word_1_181' title='bbox 508 1575 673 1620; x_wconf 83' lang='lat' dir='ltr'>dapibus,</span> <span class='ocrx_word' id='word_1_182' title='bbox 695 1578 910 1620; x_wconf 84' lang='lat' dir='ltr'>paterasque</span> <span class='ocrx_word' id='word_1_183' title='bbox 929 1576 1114 1610; x_wconf 88' lang='lat' dir='ltr'>tenebant.</span> 
     </span>
     <span class='ocr_line' id='line_1_30' title="bbox 249 1628 1188 1673; baseline 0.001 -12"><span class='ocrx_word' id='word_1_184' title='bbox 249 1628 408 1672; x_wconf 83' lang='lat' dir='ltr'>Jamque</span> <span class='ocrx_word' id='word_1_185' title='bbox 427 1628 504 1662; x_wconf 88' lang='lat' dir='ltr'>dies</span> <span class='ocrx_word' id='word_1_186' title='bbox 523 1629 688 1672; x_wconf 86' lang='lat' dir='ltr'>alterque</span> <span class='ocrx_word' id='word_1_187' title='bbox 708 1629 784 1662; x_wconf 89' lang='lat' dir='ltr'>dies</span> <span class='ocrx_word' id='word_1_188' title='bbox 799 1630 975 1673; x_wconf 87' lang='lat' dir='ltr'>processit</span> <span class='ocrx_word' id='word_1_189' title='bbox 996 1643 1003 1671; x_wconf 91' lang='lat'>;</span> <span class='ocrx_word' id='word_1_190' title='bbox 1033 1631 1069 1662; x_wconf 92' lang='lat' dir='ltr'>et</span> <span class='ocrx_word' id='word_1_191' title='bbox 1089 1641 1188 1663; x_wconf 64' lang='lat' dir='ltr'>auree</span> 
     </span>
     <span class='ocr_line' id='line_1_31' title="bbox 196 1680 1209 1726; baseline 0.002 -12"><span class='ocrx_word' id='word_1_192' title='bbox 196 1680 290 1714; x_wconf 84' lang='lat' dir='ltr'>Vela</span> <span class='ocrx_word' id='word_1_193' title='bbox 308 1684 451 1724; x_wconf 88' lang='lat' dir='ltr'>vocant,</span> <span class='ocrx_word' id='word_1_194' title='bbox 474 1682 690 1726; x_wconf 86' lang='lat' dir='ltr'>tumidoque</span> <span class='ocrx_word' id='word_1_195' title='bbox 709 1681 861 1715; x_wconf 86' lang='lat' dir='ltr'>inflatur</span> <span class='ocrx_word' id='word_1_196' title='bbox 879 1682 1048 1716; x_wconf 83' lang='lat' dir='ltr'>carbasus</span> <span class='ocrx_word' id='word_1_197' title='bbox 1063 1683 1209 1716; x_wconf 85' lang='lat' dir='ltr'>Austro.</span> 
     </span>
     <span class='ocr_line' id='line_1_32' title="bbox 196 1733 1083 1778; baseline 0.001 -11"><span class='ocrx_word' id='word_1_198' title='bbox 196 1733 267 1767; x_wconf 91' lang='lat' dir='ltr'>His</span> <span class='ocrx_word' id='word_1_199' title='bbox 282 1736 403 1767; x_wconf 85' lang='lat' dir='ltr'>vatem</span> <span class='ocrx_word' id='word_1_200' title='bbox 422 1734 610 1778; x_wconf 80' lang='lat' dir='ltr'>aggredior</span> <span class='ocrx_word' id='word_1_201' title='bbox 628 1734 747 1777; x_wconf 78' lang='lat' dir='ltr'>dictis,</span> <span class='ocrx_word' id='word_1_202' title='bbox 770 1746 811 1768; x_wconf 90' lang='lat' dir='ltr'>ac</span> <span class='ocrx_word' id='word_1_203' title='bbox 828 1735 917 1769; x_wconf 85' lang='lat' dir='ltr'>talia</span> <span class='ocrx_word' id='word_1_204' title='bbox 935 1746 1058 1778; x_wconf 79' lang='lat' dir='ltr'>quaeso</span> <span class='ocrx_word' id='word_1_205' title='bbox 1077 1748 1083 1769; x_wconf 92' lang='lat'>:</span> 
     </span>
     <span class='ocr_line' id='line_1_33' title="bbox 198 1786 1228 1831; baseline 0.001 -12"><span class='ocrx_word' id='word_1_206' title='bbox 198 1787 223 1804; x_wconf 89' lang='lat'><strong>“</strong></span> <span class='ocrx_word' id='word_1_207' title='bbox 236 1786 439 1830; x_wconf 79' lang='lat' dir='ltr'>Trojugena</span> <span class='ocrx_word' id='word_1_208' title='bbox 457 1787 635 1831; x_wconf 78' lang='lat' dir='ltr'>interpres</span> <span class='ocrx_word' id='word_1_209' title='bbox 654 1787 804 1831; x_wconf 68' lang='lat' dir='ltr'>Divum,</span> <span class='ocrx_word' id='word_1_210' title='bbox 828 1788 892 1831; x_wconf 88' lang='lat' dir='ltr'>qui</span> <span class='ocrx_word' id='word_1_211' title='bbox 910 1788 1063 1821; x_wconf 82' lang='lat' dir='ltr'>numina</span> <span class='ocrx_word' id='word_1_212' title='bbox 1083 1787 1228 1830; x_wconf 81' lang='lat' dir='ltr'>Phoebi,</span> 
     </span>
     <span class='ocr_line' id='line_1_34' title="bbox 196 1838 1108 1883; baseline 0.002 -11"><span class='ocrx_word' id='word_1_213' title='bbox 196 1838 268 1879; x_wconf 84' lang='lat' dir='ltr'>Qui</span> <span class='ocrx_word' id='word_1_214' title='bbox 286 1840 459 1883; x_wconf 78' lang='lat' dir='ltr'>tripodaS,</span> <span class='ocrx_word' id='word_1_215' title='bbox 483 1840 592 1873; x_wconf 84' lang='lat' dir='ltr'>Clarii</span> <span class='ocrx_word' id='word_1_216' title='bbox 609 1840 742 1883; x_wconf 81' lang='lat' dir='ltr'>lauros,</span> <span class='ocrx_word' id='word_1_217' title='bbox 765 1841 827 1883; x_wconf 88' lang='lat' dir='ltr'>qui</span> <span class='ocrx_word' id='word_1_218' title='bbox 847 1841 965 1874; x_wconf 79' lang='lat' dir='ltr'>sideia</span> <span class='ocrx_word' id='word_1_219' title='bbox 983 1841 1108 1883; x_wconf 85' lang='lat' dir='ltr'>sentis,</span> 
     </span>
     <span class='ocr_line' id='line_1_35' title="bbox 194 1891 1167 1937; baseline 0.001 -12"><span class='ocrx_word' id='word_1_220' title='bbox 194 1891 243 1925; x_wconf 82' lang='lat' dir='ltr'>Et</span> <span class='ocrx_word' id='word_1_221' title='bbox 262 1891 452 1926; x_wconf 85' lang='lat' dir='ltr'>volucrum</span> <span class='ocrx_word' id='word_1_222' title='bbox 470 1893 624 1936; x_wconf 83' lang='lat' dir='ltr'>linguas,</span> <span class='ocrx_word' id='word_1_223' title='bbox 643 1895 680 1926; x_wconf 92' lang='lat' dir='ltr'>et</span> <span class='ocrx_word' id='word_1_224' title='bbox 698 1894 867 1937; x_wconf 83' lang='lat' dir='ltr'>praepetis</span> <span class='ocrx_word' id='word_1_225' title='bbox 886 1893 1007 1926; x_wconf 76' lang='lat' dir='ltr'>omina</span> <span class='ocrx_word' id='word_1_226' title='bbox 1025 1905 1167 1937; x_wconf 72' lang='lat' dir='ltr'>pennae,</span> 
     </span>
     <span class='ocr_line' id='line_1_36' title="bbox 193 1931 1308 1990; baseline 0.001 -12"><span class='ocrx_word' id='word_1_227' title='bbox 193 1944 286 1978; x_wconf 83' lang='lat' dir='ltr'>Fare</span> <span class='ocrx_word' id='word_1_228' title='bbox 305 1955 382 1989; x_wconf 82' lang='lat' dir='ltr'>age,</span> <span class='ocrx_word' id='word_1_229' title='bbox 401 1945 572 1990; x_wconf 86' lang='lat' dir='ltr'>(namque</span> <span class='ocrx_word' id='word_1_230' title='bbox 592 1957 736 1979; x_wconf 88' lang='lat' dir='ltr'>omnem</span> <span class='ocrx_word' id='word_1_231' title='bbox 756 1958 900 1979; x_wconf 87' lang='lat' dir='ltr'>cursum</span> <span class='ocrx_word' id='word_1_232' title='bbox 919 1946 1010 1979; x_wconf 88' lang='lat' dir='ltr'>mihi</span> <span class='ocrx_word' id='word_1_233' title='bbox 1028 1957 1198 1990; x_wconf 84' lang='lat' dir='ltr'>prospera</span> <span class='ocrx_word' id='word_1_234' title='bbox 1213 1931 1308 1979; x_wconf 79' lang='lat' dir='ltr'>dixit</span> 
     </span>
     <span class='ocr_line' id='line_1_37' title="bbox 193 1997 1037 2041; baseline 0.002 -11"><span class='ocrx_word' id='word_1_235' title='bbox 193 1997 348 2041; x_wconf 76' lang='lat' dir='ltr'>Relicrio,</span> <span class='ocrx_word' id='word_1_236' title='bbox 372 2001 409 2031; x_wconf 93' lang='lat' dir='ltr'>et</span> <span class='ocrx_word' id='word_1_237' title='bbox 429 1999 551 2032; x_wconf 89' lang='lat' dir='ltr'>cuncti</span> <span class='ocrx_word' id='word_1_238' title='bbox 570 2002 762 2033; x_wconf 82' lang='lat' dir='ltr'>suaselunt</span> <span class='ocrx_word' id='word_1_239' title='bbox 781 2000 930 2032; x_wconf 88' lang='lat' dir='ltr'>numine</span> <span class='ocrx_word' id='word_1_240' title='bbox 949 1999 1037 2032; x_wconf 85' lang='lat' dir='ltr'>Divi</span> 
     </span>
     <span class='ocr_line' id='line_1_38' title="bbox 193 2050 1047 2097; baseline 0.002 -14"><span class='ocrx_word' id='word_1_241' title='bbox 193 2050 339 2097; x_wconf 84' lang='lat' dir='ltr'>Italiam</span> <span class='ocrx_word' id='word_1_242' title='bbox 358 2054 492 2095; x_wconf 86' lang='lat' dir='ltr'>petere,</span> <span class='ocrx_word' id='word_1_243' title='bbox 515 2054 552 2085; x_wconf 89' lang='lat' dir='ltr'>et</span> <span class='ocrx_word' id='word_1_244' title='bbox 572 2055 686 2086; x_wconf 86' lang='lat' dir='ltr'>terras</span> <span class='ocrx_word' id='word_1_245' title='bbox 700 2054 842 2085; x_wconf 80' lang='lat' dir='ltr'>tentare</span> <span class='ocrx_word' id='word_1_246' title='bbox 861 2052 1022 2095; x_wconf 72' lang='lat' dir='ltr'>repostas</span> <span class='ocrx_word' id='word_1_247' title='bbox 1040 2065 1047 2086; x_wconf 93' lang='lat'>:</span> 
     </span>
     <span class='ocr_line' id='line_1_39' title="bbox 192 2103 1089 2149; baseline 0.001 -12"><span class='ocrx_word' id='word_1_248' title='bbox 192 2103 276 2137; x_wconf 82' lang='lat' dir='ltr'>Sola</span> <span class='ocrx_word' id='word_1_249' title='bbox 294 2115 432 2137; x_wconf 87' lang='lat' dir='ltr'>novum</span> <span class='ocrx_word' id='word_1_250' title='bbox 451 2104 625 2148; x_wconf 87' lang='lat' dir='ltr'>dictuque</span> <span class='ocrx_word' id='word_1_251' title='bbox 643 2105 744 2138; x_wconf 80' lang='lat' dir='ltr'>nefas</span> <span class='ocrx_word' id='word_1_252' title='bbox 760 2105 926 2149; x_wconf 82' lang='lat' dir='ltr'>Harpyia</span> <span class='ocrx_word' id='word_1_253' title='bbox 945 2105 1089 2139; x_wconf 76' lang='lat' dir='ltr'>Celaeno</span> 
     </span>
     <span class='ocr_line' id='line_1_40' title="bbox 190 2156 1039 2200; baseline 0.002 -11"><span class='ocrx_word' id='word_1_254' title='bbox 190 2156 405 2200; x_wconf 81' lang='lat' dir='ltr'>Prodigium</span> <span class='ocrx_word' id='word_1_255' title='bbox 424 2158 534 2200; x_wconf 88' lang='lat' dir='ltr'>canit,</span> <span class='ocrx_word' id='word_1_256' title='bbox 557 2161 594 2191; x_wconf 90' lang='lat' dir='ltr'>et</span> <span class='ocrx_word' id='word_1_257' title='bbox 613 2158 735 2192; x_wconf 87' lang='lat' dir='ltr'>tristes</span> <span class='ocrx_word' id='word_1_258' title='bbox 755 2158 948 2192; x_wconf 81' lang='lat' dir='ltr'>denuntiat</span> <span class='ocrx_word' id='word_1_259' title='bbox 968 2158 1039 2191; x_wconf 81' lang='lat' dir='ltr'>iras</span> 
     </span>
     <span class='ocr_line' id='line_1_41' title="bbox 192 2208 1207 2255; baseline 0.002 -13"><span class='ocrx_word' id='word_1_260' title='bbox 192 2208 482 2254; x_wconf 82' lang='lat' dir='ltr'>Obscoenamque</span> <span class='ocrx_word' id='word_1_261' title='bbox 502 2211 662 2255; x_wconf 76' lang='lat' dir='ltr'>famem),</span> <span class='ocrx_word' id='word_1_262' title='bbox 687 2223 769 2255; x_wconf 72' lang='lat' dir='ltr'>quae</span> <span class='ocrx_word' id='word_1_263' title='bbox 790 2211 907 2255; x_wconf 84' lang='lat' dir='ltr'>prima</span> <span class='ocrx_word' id='word_1_264' title='bbox 924 2211 1085 2255; x_wconf 86' lang='lat' dir='ltr'>pericula</span> <span class='ocrx_word' id='word_1_265' title='bbox 1099 2210 1176 2244; x_wconf 76' lang='lat' dir='ltr'>vito</span> <span class='ocrx_word' id='word_1_266' title='bbox 1194 2210 1207 2244; x_wconf 67' lang='lat' dir='ltr'>‘l</span> 
     </span>
     <span class='ocr_line' id='line_1_42' title="bbox 190 2260 1231 2308; baseline 0.002 -13"><span class='ocrx_word' id='word_1_267' title='bbox 190 2260 333 2302; x_wconf 87' lang='lat' dir='ltr'>Quidve</span> <span class='ocrx_word' id='word_1_268' title='bbox 353 2274 518 2307; x_wconf 88' lang='lat' dir='ltr'>sequens,</span> <span class='ocrx_word' id='word_1_269' title='bbox 541 2266 664 2297; x_wconf 80' lang='lat' dir='ltr'>tantos</span> <span class='ocrx_word' id='word_1_270' title='bbox 683 2275 829 2308; x_wconf 88' lang='lat' dir='ltr'>possum</span> <span class='ocrx_word' id='word_1_271' title='bbox 849 2275 1018 2308; x_wconf 87' lang='lat' dir='ltr'>superare</span> <span class='ocrx_word' id='word_1_272' title='bbox 1032 2264 1172 2297; x_wconf 87' lang='lat' dir='ltr'>labores</span> <span class='ocrx_word' id='word_1_273' title='bbox 1188 2262 1231 2298; x_wconf 66' lang='lat' dir='ltr'>‘&#39;t&#39;’</span> 
     </span>
     <span class='ocr_line' id='line_1_43' title="bbox 190 2313 1134 2362; baseline 0 -13"><span class='ocrx_word' id='word_1_274' title='bbox 190 2313 263 2350; x_wconf 88' lang='lat' dir='ltr'>Hic</span> <span class='ocrx_word' id='word_1_275' title='bbox 280 2314 459 2360; x_wconf 87' lang='lat' dir='ltr'>Helenus,</span> <span class='ocrx_word' id='word_1_276' title='bbox 481 2317 580 2350; x_wconf 64' lang='lat' dir='ltr'>czesis</span> <span class='ocrx_word' id='word_1_277' title='bbox 600 2317 758 2360; x_wconf 87' lang='lat' dir='ltr'>primum</span> <span class='ocrx_word' id='word_1_278' title='bbox 777 2317 822 2351; x_wconf 89' lang='lat' dir='ltr'>de</span> <span class='ocrx_word' id='word_1_279' title='bbox 841 2328 940 2351; x_wconf 81' lang='lat' dir='ltr'>more</span> <span class='ocrx_word' id='word_1_280' title='bbox 954 2316 1134 2362; x_wconf 83' lang='lat' dir='ltr'>juvencis,</span> 
     </span>
    </p>
   </div>
   <div class='ocr_carea' id='block_1_3' title="bbox 1357 52 1409 88">
    <p class='ocr_par' dir='ltr' id='par_1_3' title="bbox 1357 52 1409 88">
     <span class='ocr_line' id='line_1_44' title="bbox 1357 52 1409 88; baseline 0 0"><span class='ocrx_word' id='word_1_281' title='bbox 1357 52 1409 88; x_wconf 83' lang='grc'>47</span> 
     </span>
    </p>
   </div>
   <div class='ocr_carea' id='block_1_4' title="bbox 1368 252 1410 271">
    <p class='ocr_par' dir='ltr' id='par_1_4' title="bbox 1368 252 1410 271">
     <span class='ocr_line' id='line_1_45' title="bbox 1368 252 1410 271; baseline 0.024 -1"><span class='ocrx_word' id='word_1_282' title='bbox 1368 252 1410 271; x_wconf 72' lang='lat'>:530</span> 
     </span>
    </p>
   </div>
   <div class='ocr_carea' id='block_1_5' title="bbox 1366 515 1407 536">
    <p class='ocr_par' dir='ltr' id='par_1_5' title="bbox 1366 515 1407 536">
     <span class='ocr_line' id='line_1_46' title="bbox 1366 515 1407 536; baseline -0.024 0"><span class='ocrx_word' id='word_1_283' title='bbox 1366 515 1407 536; x_wconf 79' lang='lat'>33⁵</span> 
     </span>
    </p>
   </div>
   <div class='ocr_carea' id='block_1_6' title="bbox 1366 779 1409 800">
    <p class='ocr_par' dir='ltr' id='par_1_6' title="bbox 1366 779 1409 800">
     <span class='ocr_line' id='line_1_47' title="bbox 1366 779 1409 800; baseline -0.023 0"><span class='ocrx_word' id='word_1_284' title='bbox 1366 779 1409 800; x_wconf 75' lang='lat'>340</span> 
     </span>
    </p>
   </div>
   <div class='ocr_carea' id='block_1_7' title="bbox 1365 1045 1406 1065">
    <p class='ocr_par' dir='ltr' id='par_1_7' title="bbox 1365 1045 1406 1065">
     <span class='ocr_line' id='line_1_48' title="bbox 1365 1045 1406 1065; baseline 0 0"><span class='ocrx_word' id='word_1_285' title='bbox 1365 1045 1406 1065; x_wconf 78' lang='lat'>3⁴5</span> 
     </span>
    </p>
   </div>
   <div class='ocr_carea' id='block_1_8' title="bbox 1363 1574 1404 1594">
    <p class='ocr_par' dir='ltr' id='par_1_8' title="bbox 1363 1574 1404 1594">
     <span class='ocr_line' id='line_1_49' title="bbox 1363 1574 1404 1594; baseline 0 0"><span class='ocrx_word' id='word_1_286' title='bbox 1363 1574 1404 1594; x_wconf 81' lang='lat'>355</span> 
     </span>
    </p>
   </div>
   <div class='ocr_carea' id='block_1_9' title="bbox 1361 1838 1403 1859">
    <p class='ocr_par' dir='ltr' id='par_1_9' title="bbox 1361 1838 1403 1859">
     <span class='ocr_line' id='line_1_50' title="bbox 1361 1838 1403 1859; baseline 0 0"><span class='ocrx_word' id='word_1_287' title='bbox 1361 1838 1403 1859; x_wconf 82' lang='lat'>360</span> 
     </span>
    </p>
   </div>
   <div class='ocr_carea' id='block_1_10' title="bbox 1358 2103 1399 2123">
    <p class='ocr_par' dir='ltr' id='par_1_10' title="bbox 1358 2103 1399 2123">
     <span class='ocr_line' id='line_1_51' title="bbox 1358 2103 1399 2123; baseline 0.024 -1"><span class='ocrx_word' id='word_1_288' title='bbox 1358 2103 1399 2123; x_wconf 78' lang='lat'>365</span> 
     </span>
    </p>
   </div>
  </div>
 </body>
</html>
