1528 2569
14 0 29 85 *w

637 76 771 105 121ssssss
803 77 874 105 VH.

208 161 382 208 Dissidet,
404 166 592 199 externam
612 177 692 200 reor
709 179 716 207 ;
745 169 782 200 et
802 166 851 199 sic
871 165 987 199 dicere
1006 165 1127 201 Divos.

209 217 258 250 Et
277 217 410 259 Turno,
432 218 462 251 si
480 218 596 261 prima
615 218 744 252 domus
762 221 947 262 repetatur
965 221 1076 262 origo,

209 269 367 304 Inachus
386 270 619 314 Acrisiusque
638 273 770 315 patres,
794 271 995 315 mediaeque
1015 270 1222 315 Mycenae.”

261 321 331 356 His
350 323 414 356 ubi
432 323 679 367 nequicquam
697 324 803 357 dictis
822 327 982 368 experta,
1004 324 1176 358 Latinum

209 374 345 408 Contra
364 378 458 409 stare
479 375 578 410 videt
598 389 606 417 ;
634 376 852 421 penitusque
870 377 909 410 in
928 377 1063 410 viscera
1081 377 1224 421 lapsum

209 427 392 472 Serpentis
411 429 540 462 furiale
560 429 708 472 malum,
731 432 921 474 totamque
941 433 1101 473 pererrat
1118 443 1127 471 ;

207 480 300 514 Tum
318 492 403 514 vero
422 481 562 525 infelix,
585 483 793 526 ingentibus
813 483 932 516 excita
950 483 1133 525 monstris,

206 533 427 567 Immensam
447 535 523 568 sine
541 546 640 568 more
659 535 749 568 furit
767 535 955 579 lymphata
973 547 1036 579 per
1054 536 1191 569 urbem.

208 585 282 620 Ceu
302 587 487 630 quondam
506 590 603 621 torto
622 588 780 622 volitans
799 588 866 622 sub
887 588 1032 621 verbere
1050 588 1171 631 turbo,

207 638 323 680 Quem
341 640 444 683 pueri
463 652 594 684 magno
613 640 650 673 in
665 652 754 684 gyro
772 652 886 674 vacua
905 641 998 674 atria
1016 640 1151 674 circum

207 691 348 725 Intenti
367 693 454 726 ludo
474 695 643 726 exercent
654 706 663 734 3
692 693 753 726 ille
772 696 874 727 actus
892 693 1035 727 habena

207 744 374 778 Curvatis
392 746 509 778 fertur
527 746 652 789 spatiis
672 759 680 786 ;
709 748 832 789 stupet
850 746 962 779 inscia
981 757 1090 789 supra

207 797 452 841 Impubesque
470 810 612 841 manus,
635 798 765 832 mirata
783 799 943 832 volubile
961 799 1103 832 buxum
1121 810 1131 841 ;

206 850 308 883 Dant
325 851 464 884 animos
482 851 598 895 plagae
617 864 623 885 :
653 863 727 884 non
747 863 853 884 cursu
872 852 1013 895 segnior
1030 851 1094 884 illo

207 902 278 937 Per
296 904 434 937 medias
453 904 561 937 urbes
573 904 712 947 agitur,
734 905 960 948 populosque
979 905 1122 938 feroces.

207 956 303 997 Quin
323 956 431 990 etiam
451 957 489 990 in
503 957 633 1000 syivas,
659 957 828 991 simulato
848 957 998 990 numine
1017 956 1162 1000 Bacchi,

206 1009 331 1053 Majus
350 1010 477 1043 adorsa
494 1010 607 1052 nefas,
630 1010 877 1054 majoremque
897 1021 976 1044 orsa
994 1010 1166 1052 furorem,

205 1062 349 1105 Evolat,
372 1065 408 1096 et
426 1065 550 1096 natam
570 1063 749 1096 frondosis
769 1063 953 1096 montibus
972 1063 1074 1096 abdit
1093 1075 1102 1104 ;

207 1115 287 1156 Quo
305 1115 509 1148 thalamum
529 1115 657 1159 eripiat
678 1116 836 1158 Teucris,
858 1116 1044 1160 taedasque
1063 1117 1225 1149 moretur
1244 1126 1252 1148 τ

205 1168 302 1202 Ευοὲ·
316 1168 451 1202 Bacche
464 1168 478 1202 l
507 1169 663 1202 fremens
681 1181 689 1209 3
721 1170 746 1186 ‘⁶
761 1169 879 1201 solum
898 1171 935 1201 te
955 1169 1092 1212 virgine
1112 1166 1286 1212 dignum'

206 1220 418 1255 Vociferans
437 1234 445 1263 ;
478 1222 503 1239 “
519 1221 654 1255 etenim
673 1221 798 1255 molles
810 1221 878 1255 tibi
897 1232 1037 1255 sumere
1051 1221 1207 1265 thyrsos,

205 1273 254 1307 Te
272 1274 427 1307 lustrare
447 1274 566 1317 choro,
585 1285 726 1308 sacrum
744 1274 814 1307 tibi
832 1286 976 1318 pascere
996 1273 1168 1308 crinem.''

258 1327 287 1360 F
290 1338 371 1360 ama
390 1327 489 1360 volat
507 1340 514 1366 ;
544 1327 737 1370 Furiisque
756 1338 922 1360 accensas
940 1330 1084 1370 pectore
1102 1329 1236 1360 matres

206 1380 311 1413 Idem
330 1391 454 1414 omnes
473 1380 581 1413 simul
601 1379 708 1413 ardor
727 1380 802 1423 agit
821 1391 916 1413 nova
935 1391 1095 1423 quaerere
1114 1382 1210 1413 tecta
1232 1391 1239 1413 ε

205 1432 403 1466 Deseruere
423 1433 549 1466 domos
570 1446 577 1474 ;
606 1433 726 1466 ventis
745 1433 835 1466 dant
855 1432 946 1466 colla
965 1444 1166 1476 comasque.

206 1486 274 1519 Ast
289 1485 369 1519 aliae
388 1485 553 1519 tremulis
572 1485 773 1519 ululatibus
792 1485 928 1519 aethera
947 1486 1141 1529 complent,

205 1538 494 1582 Pampineasque
513 1541 645 1582 gerunt
663 1538 832 1572 incinctae
851 1538 1006 1582 pellibus
1025 1538 1155 1572 hastas.

205 1591 290 1635 Ipsa
307 1592 404 1625 inter
422 1591 559 1624 medias
579 1591 792 1635 flagrantem
811 1591 952 1625 fervida
970 1591 1098 1635 pinum

206 1644 382 1689 Sustinet,
405 1655 446 1678 ac
464 1647 561 1678 natae
582 1644 767 1688 Tumiique
788 1644 885 1678 canit
904 1645 1121 1688 hymen-(eos,

207 1696 450 1740 Sanguineam
467 1700 644 1741 torquens
663 1697 776 1731 aciem
794 1711 802 1738 ;
830 1700 1050 1741 torvumque
1067 1698 1217 1741 repente

205 1749 346 1783 Clamat
364 1763 370 1784 ε
406 1752 429 1768 “
444 1750 486 1783 Io
505 1753 651 1792 matres,
672 1750 796 1784 audite
815 1750 880 1783 ubi
899 1762 1065 1794 quaeque,
1088 1750 1238 1783 Latinae.

206 1803 244 1836 Si
263 1815 335 1847 qua
353 1803 421 1846 piis
441 1803 570 1835 animis
588 1807 712 1836 manet
731 1803 884 1836 infelicis
905 1803 1048 1836 Amatae

206 1855 344 1898 Gratia,
367 1856 397 1889 si
411 1855 505 1899 juris
524 1855 681 1889 materni
700 1867 784 1889 cura
802 1856 985 1889 remordet
1004 1868 1013 1897 ;

205 1908 343 1942 Solvite
363 1908 514 1942 crinales
532 1908 656 1951 vittas,
679 1908 796 1951 capite
815 1909 914 1952 orgia
932 1906 1112 1942 mecum.''

258 1961 381 1995 Talem
399 1961 495 1994 inter
513 1961 645 2004 sylvas,
666 1961 764 1994 inter
781 1961 924 1994 deserta
941 1961 1111 2003 ferariun,

204 2014 381 2058 Reginam
402 2014 545 2047 Allecto
565 2014 722 2047 stimulis
741 2014 816 2058 agit
834 2014 997 2058 undique
1018 2013 1159 2047 Bacchi.

204 2066 404 2111 Postquam
423 2067 501 2100 visa
519 2067 606 2100 satis
625 2067 759 2110 primos
777 2067 913 2100 acuisse
931 2067 1080 2108 furores,

205 2118 477 2164 Consiliumque
496 2131 712 2163 omnemque
732 2119 881 2154 domum
899 2119 1051 2153 vertisse
1070 2118 1204 2162 Latini,

204 2173 378 2207 Protinus
396 2173 481 2206 hinc
499 2173 608 2206 fuscis
627 2172 742 2206 tristis
756 2173 834 2206 Dea
852 2172 996 2206 tollitur
1014 2172 1080 2206 alis

204 2225 364 2260 Audacis
382 2225 516 2259 Rutuli
534 2225 580 2259 ad
600 2237 722 2259 muros
740 2239 746 2260 :
776 2236 884 2270 quam
905 2225 1039 2259 dicitur
1057 2224 1185 2258 urbem

204 2278 423 2312 Acrisioneis
441 2278 567 2312 Danae
587 2276 756 2312 fundasse
777 2278 924 2322 colonis,

205 2330 389 2375 Praecipiti
408 2331 530 2365 delata
549 2331 659 2365 Noto.
722 2331 840 2365 Locus
859 2331 981 2364 Ardea
1001 2329 1186 2374 quondam

1289 1166 1297 1184 >

1372 427 1415 451 87⁵

1372 690 1415 711 ³80

1370 953 1413 973 3st

1371 1216 1414 1235 3³0

1370 1479 1413 1500 3505

1370 1744 1414 1764 400

1369 2006 1414 2027 405

1372 2271 1415 2291 ⁴10
