1528 2569
652 71 784 98 LIBER
816 70 906 98 vni.

222 160 373 205 Impleri
392 171 532 203 nemuS,
551 162 588 194 ct
607 159 715 194 colles
734 159 888 193 clamore
905 159 1071 203 relinqui

223 213 402 248 Reddidit
419 224 493 247 una
510 213 622 246 boum
640 224 777 256 vocem,
798 214 976 256 vastoque
996 212 1064 246 sub
1083 214 1189 246 antro

223 267 372 310 Mugijt,
394 268 431 300 et
451 266 534 299 Caci
553 277 653 309 spem
673 265 854 300 custodita
872 265 1012 300 fefellit.

223 319 298 353 Hic
316 330 401 353 vero
419 318 559 352 Alcidae
573 318 677 352 furiis
696 321 879 352 exarserat
897 321 976 352 atro

223 371 323 406 Fene
342 371 444 405 dolor
460 386 467 406 z
497 372 593 416 rapit
611 383 710 405 arma
727 383 849 414 manu,
873 371 1052 415 nodisque
1071 373 1263 415 gravatum

222 424 351 459 Robur
370 438 378 466 ;
406 427 443 458 et
462 425 548 458 aerii
567 436 674 458 cursu
692 425 789 468 petit
806 424 920 458 ardua
937 424 1081 458 montis,

223 477 317 512 'sum
334 477 492 521 primum
510 478 626 511 nostri
645 478 779 511 Cacum
796 477 919 511 videre
936 477 1140 520 timentem,

225 531 498 574 Turbatumque
517 530 630 564 oculis
651 543 657 564 :
686 530 782 574 fugit
801 530 899 563 ilicet
918 542 1027 574 ocyor
1046 530 1155 572 Euro,

223 583 512 627 speluncamque
530 583 622 627 petit
642 596 650 624 ;
677 583 830 627 pedibus
849 584 959 617 timor
972 583 1114 616 addidit
1128 583 1209 618 alas,

223 636 277 670 Ut
295 648 371 670 sese
384 636 545 679 inclusit,
561 637 753 680 ruptisque
771 636 928 669 immane
948 636 1083 669 catenis

222 688 367 733 Dejecit
386 700 526 731 saxum,
550 689 647 733 quod
666 689 761 722 ferro
781 692 819 722 et
837 692 916 722 arte
934 690 1089 732 paterna

222 741 424 784 Pendebat,
445 741 632 785 fultosque
651 741 806 774 emuniit
825 741 939 785 objice
957 743 1090 784 postes,

221 794 313 828 Ecce
331 794 455 828 furens
475 794 604 827 animis
623 794 748 828 aderat
767 794 980 837 Tirynthius
998 807 1006 835 3
1035 805 1253 838 omnemque

221 848 415 881 Accessum
434 847 605 890 lustrans,
626 847 698 880 huc
717 858 779 880 ora
796 846 935 880 ferebat
954 849 992 880 et
1009 846 1108 889 illuc,

221 900 402 934 Dentibus
420 899 632 933 infrendens
649 912 656 934 :
685 902 742 933 ter
758 902 881 933 totum
900 900 1061 933 fervidus
1080 899 1134 933 ira

223 953 373 987 Lustrat
391 953 569 986 Aventini
587 955 750 986 montem
771 966 778 994 ;
805 955 863 986 ter
881 964 988 986 saxea
1006 955 1128 986 tentat

223 1006 367 1039 Limina
384 1006 627 1049 nequicquam
647 1019 655 1047 ;
683 1008 740 1039 ter
757 1006 872 1039 fessus
891 1006 986 1039 valle
1005 1006 1147 1040 resedit.

224 1059 351 1092 Stabat
370 1061 477 1092 acuta
496 1059 598 1102 silex,
620 1059 776 1102 praecisis
794 1059 956 1102 undique
975 1059 1083 1102 saxis,

225 1111 414 1156 Speluncae
433 1111 539 1145 dorso
562 1111 761 1155 insurgens,
786 1112 961 1145 altissima
981 1112 1060 1145 visu
1077 1125 1086 1153 ;

223 1164 395 1198 Dirarum
412 1164 508 1197 nidis
527 1164 657 1198 domus
675 1167 879 1208 opportuna
895 1165 1082 1198 volucrum
1102 1177 1109 1199 ε

224 1217 344 1261 Hanc,
366 1220 410 1251 ut
427 1228 542 1261 prona
555 1217 646 1261 jugo
664 1217 799 1250 laevum
817 1218 1050 1251 incumbebat
1069 1218 1115 1251 ad
1135 1228 1289 1262 amnem,

223 1271 363 1304 Dexter
380 1270 418 1303 in
438 1270 631 1303 adversum
650 1270 772 1303 nitens
791 1270 984 1313 concussit,
1007 1273 1044 1304 et
1062 1271 1144 1304 imis

224 1323 401 1357 Avulsam
420 1323 529 1356 solvit
547 1323 728 1356 radicibus
749 1337 756 1364 ;
783 1323 870 1356 inde
888 1326 1037 1367 repente

224 1376 378 1420 Impulit
395 1389 403 1417 ;
431 1375 591 1419 impulsu
610 1387 682 1420 quo
701 1375 881 1409 maximus
899 1376 1046 1410 insonat
1065 1376 1190 1420 aether,

223 1429 430 1462 Dissultant
448 1428 548 1472 ripae,
570 1429 764 1472 refluitque
784 1429 980 1462 exterritus
999 1430 1124 1463 amnis.

223 1483 275 1516 At
295 1493 420 1525 specus
439 1484 477 1514 et
498 1481 582 1515 Caci
600 1481 744 1515 detecta
762 1482 931 1526 apparuit
950 1482 1079 1526 ingens

223 1533 352 1578 Regia,
371 1536 408 1568 et
427 1534 605 1568 umbrosae
626 1534 772 1578 penitus
791 1534 941 1578 patuere
961 1546 1123 1568 cavernae
1144 1547 1151 1569 :

224 1587 263 1620 N
266 1599 312 1621 on
332 1599 434 1621 secus
455 1598 495 1621 ac
515 1587 545 1620 si
565 1590 637 1631 qua
656 1587 801 1631 penitus
818 1588 853 1620 vi
871 1590 969 1621 terra
987 1588 1176 1621 dehiscens

225 1640 391 1674 Infernas
409 1642 543 1673 reseret
562 1640 676 1682 sedes,
699 1643 737 1673 et
754 1652 865 1684 regna
883 1641 1047 1674 recludat

224 1692 379 1736 Pallida,
402 1693 468 1726 Dis
486 1693 604 1726 invisa
624 1706 631 1733 3
660 1704 838 1736 superque
856 1693 1014 1727 immane
1033 1693 1246 1727 barathrum

226 1745 415 1788 Cernatur,
438 1745 692 1789 trepidentque
712 1746 870 1779 immisso
889 1746 1026 1779 lumine
1047 1746 1186 1779 Manes.

225 1798 321 1842 Ergo
340 1799 522 1841 insperata
541 1798 758 1842 deprensmn
777 1799 815 1831 in
835 1799 914 1832 luce
933 1801 1095 1842 repente,

226 1850 486 1894 Inclusumque
506 1862 592 1884 cavo
613 1862 711 1893 saxo,
735 1853 846 1895 atque
863 1851 1008 1885 insueta
1026 1851 1231 1894 rudentem,

225 1904 390 1948 Desuper
402 1903 549 1937 Alcides
568 1903 650 1936 telis
670 1904 813 1947 premit,
836 1904 1029 1948 omniaque
1049 1915 1148 1938 arma

227 1956 404 2000 Advocat,
427 1959 464 1990 et
482 1956 592 1990 ramis
610 1956 794 2000 vastisque
814 1957 1010 1990 molaribus
1028 1957 1150 1990 instat.

228 2009 296 2043 Ille
315 2012 450 2052 autem,
472 2020 591 2053 neque
610 2009 708 2042 enim
726 2009 813 2053 fuga
828 2010 905 2053 jam
925 2021 1033 2054 super
1052 2010 1127 2043 ulla
1144 2009 1281 2054 pericli,

228 2062 410 2096 Faucibus
428 2062 614 2106 ingentem
633 2062 776 2095 fumum
791 2062 969 2106 (mirabile
989 2062 1090 2096 dictu
1107 2062 1130 2106 !)

227 2114 374 2149 Evomit
393 2127 402 2156 ;
429 2115 658 2158 involvitque
677 2114 828 2148 domum
847 2115 998 2159 caligine
1009 2118 1114 2158 caeca,

233 2167 463 2212 Prospectum
483 2168 637 2211 eripiens
657 2167 771 2201 oculis
791 2181 798 2202 :
827 2168 1076 2212 glomeratque
1095 2167 1162 2202 sub
1181 2173 1287 2201 antro

225 2220 448 2254 Fumiferam
466 2223 623 2262 noctem,
646 2221 852 2254 commixtis
870 2221 953 2265 igne
971 2221 1138 2255 tenebris.

226 2273 314 2307 Non
332 2274 421 2307 tulit
440 2273 584 2307 Alcides
603 2274 733 2306 animis
754 2287 760 2314 ;
789 2285 900 2318 seque
918 2274 993 2318 ipse
1013 2286 1076 2318 per
1095 2274 1215 2318 ignem

228 2325 411 2370 Praecipiti
427 2325 517 2370 jecit
535 2326 644 2369 saltu,
667 2338 739 2371 qua
758 2326 936 2370 plurimus
954 2327 1092 2360 undam

1348 32 1424 100 m

1387 368 1429 389 2‘20

1391 897 1432 918 1³⁰

1391 1161 1432 1182 2:15

1392 1426 1434 1447 2¹40

1394 1690 1434 1710 2⁴5

1395 1954 1436 1974 ‘250
