1559 2584
149 82 231 119 210

630 92 818 121 VIRGILH
847 91 1001 121 AENEIS.

255 179 368 212 Nunc
386 179 462 213 ruit
480 179 527 212 ad
545 181 672 223 terras,
695 181 933 225 scopulosque
953 180 1149 225 superjacit
1167 180 1306 216 undam

256 231 448 276 Spumeus,
469 234 744 276 extremamque
764 233 846 267 sinu
865 233 1054 277 perfundit
1073 245 1220 267 arenam
1237 247 1246 276 ;

255 284 295 318 N
297 296 368 318 unc
387 284 537 328 rapidus
556 287 666 328 retro,
688 288 799 329 atque
819 288 912 319 aestu
931 286 1098 320 revoluta
1115 286 1304 320 resorbens

255 337 362 380 Saxa,
383 337 489 380 fugit,
509 337 688 381 littusque
706 338 801 372 vado
820 338 965 372 labente
983 338 1160 383 relinquit

255 389 319 423 Bis
339 390 445 423 Tusci
464 390 625 423 Rutulos
645 390 747 434 egere
766 391 813 424 ad
832 392 968 425 moenia
986 403 1107 425 versos
1124 404 1133 433 ;

255 442 320 476 Bis
338 442 465 486 rejecti
484 443 594 476 armis
612 446 817 487 respectant
835 446 938 487 terga
956 446 1121 487 tegentes
1138 457 1146 479 z

256 495 379 528 Tertia
398 495 461 528 sed
481 498 675 539 postquam
695 497 875 540 congressi
893 497 931 530 in
950 497 1087 540 praelia,
1108 499 1206 531 totas

255 547 473 592 Implicuere
493 548 590 581 inter
609 560 646 582 se
665 549 771 592 acies,
793 549 956 593 legitque
974 549 1096 583 virum
1115 550 1184 593 vir,

255 600 350 634 Tum
370 612 456 634 vero
475 603 512 635 et
532 601 690 645 gemitus
709 602 944 645 morientum,
967 604 1004 636 et
1024 602 1200 646 sanguine
1219 602 1258 636 in
1277 602 1354 637 alto

255 653 454 697 Armaque,
477 665 711 698 corporaque,
735 657 771 688 et
793 655 958 699 permisti
976 655 1075 688 caede
1095 655 1257 689 virorum

255 705 492 740 Semianimes
511 707 714 741 volvuntur
733 708 818 751 equi
836 720 843 742 :
871 719 995 752 pugna
1013 719 1139 751 aspera
1158 708 1284 752 surgit.

255 758 464 793 Orsilochus
483 760 644 803 Remuli,
667 760 816 804 quando
835 761 955 804 ipsum
974 761 1145 794 horrebat
1164 761 1276 804 adire,

255 811 413 845 Hastam
433 812 580 846 intorsit
599 824 706 857 equo,
729 813 939 857 ferrumque
958 814 1026 847 sub
1046 825 1132 847 aure
1152 813 1301 858 reliquit
1319 827 1328 856 ;

255 863 337 905 Quo
356 865 500 909 sonipes
519 866 595 899 ictu
615 866 705 899 furit
724 866 874 909 arduus,
897 866 1044 909 altaque
1060 866 1190 910 jactat,

253 916 428 951 Vuhieris
446 918 653 962 impatienS,
676 922 816 952 arrecto
834 922 978 963 pectore
998 930 1102 953 crura
1120 932 1127 953 ε

253 969 430 1004 Volvitur
448 970 508 1004 ille
529 982 700 1004 excussus
719 971 832 1006 humi.
895 971 1048 1005 Catillus
1068 971 1185 1015 Iolan,

255 1021 523 1067 lugentemque
542 1024 685 1067 animis,
708 1024 896 1068 ingentem
915 1035 1063 1068 corpore
1082 1026 1119 1058 et
1137 1024 1259 1068 armis,

254 1074 392 1119 Dejicit
411 1076 648 1109 Herminium
666 1089 673 1117 3
702 1076 803 1110 nudo
823 1077 882 1110 cui
903 1077 1038 1110 vertice
1056 1077 1159 1111 fulva

254 1127 438 1171 Caesaries,
460 1128 625 1172 nudique
645 1128 789 1162 humeri
807 1141 813 1163 :
843 1140 910 1163 nec
928 1129 1083 1163 vulnera
1100 1131 1241 1163 terrent
1257 1142 1266 1171 ;

255 1181 396 1214 Tantus
414 1181 454 1214 in
473 1193 574 1215 arma
593 1184 696 1225 patet
714 1194 721 1216 ε
750 1182 844 1215 latos
864 1182 949 1216 huic
968 1182 1074 1216 hasta
1093 1194 1157 1226 per
1175 1194 1295 1217 armos

254 1233 350 1267 Acta
368 1234 506 1277 tremit,
530 1234 768 1278 duplicatque
788 1235 909 1268 virum
927 1235 1104 1268 transfixa
1122 1235 1255 1270 dolore.

254 1286 442 1320 Funditur
461 1290 540 1321 ater
559 1287 698 1331 ubique
718 1299 824 1321 cruor
841 1300 848 1322 :
879 1288 970 1321 dant
989 1288 1119 1321 funera
1137 1289 1232 1322 ferro

257 1339 460 1383 Certantes,
483 1340 748 1384 pulchramque
767 1342 901 1384 petunt
920 1352 985 1385 per
1002 1341 1156 1375 vulnera
1174 1343 1341 1376 mortem.

309 1392 362 1426 At
381 1393 520 1426 medias
539 1393 638 1426 inter
658 1393 773 1427 eaedes
793 1393 954 1427 exsultat
973 1393 1150 1436 Amazon,

256 1444 383 1479 Unum
404 1448 548 1479 exserta
566 1446 664 1479 latus
683 1458 830 1490 pugnae,
852 1447 1063 1490 pharetrata
1083 1446 1255 1482 Camilla:

255 1497 305 1531 Et
324 1510 422 1532 nunc
442 1498 543 1532 lenta
562 1510 674 1532 manu
694 1510 866 1543 spargens
884 1499 1032 1533 hastilia
1051 1500 1179 1533 denset
1197 1512 1205 1541 ;

255 1550 369 1584 Nunc
388 1551 548 1584 validam
568 1551 701 1585 dextra
720 1552 817 1595 rapit
836 1551 1019 1585 indefessa
1037 1552 1233 1596 bipennem
1252 1564 1259 1586 z

255 1604 402 1637 Aureus
422 1615 467 1637 ex
487 1604 641 1637 humero
661 1607 767 1638 sonat
786 1616 902 1648 arcus,
926 1607 963 1638 et
983 1616 1084 1639 arma
1102 1604 1242 1639 Dianae.

256 1656 326 1690 Illa
346 1657 470 1699 etiam,
494 1657 524 1690 si
544 1657 692 1700 quando
711 1657 750 1690 in
769 1659 914 1701 tergum
933 1658 1038 1701 pulsa
1055 1657 1214 1701 recessit,

257 1709 404 1753 Spicula
423 1721 598 1743 converso
616 1710 797 1754 fugientia
816 1710 941 1754 dirigit
959 1721 1056 1745 arcu.

256 1762 309 1796 At
329 1762 464 1796 circum
484 1763 590 1796 lectae
611 1763 773 1806 comites,
796 1763 1002 1807 Larinaque
1023 1763 1136 1807 virgo,

257 1815 452 1859 Tullaque,
476 1818 513 1849 et
534 1818 686 1850 aeratam
705 1816 876 1860 quatiens
895 1816 1048 1861 Tarpeia
1067 1814 1233 1859 securim,

257 1868 412 1902 Italides
431 1882 439 1903 2
469 1880 561 1913 quas
580 1868 660 1913 ipsa
679 1868 790 1903 decus
809 1868 879 1903 sibi
898 1868 960 1903 dia
979 1868 1134 1903 Camilla,

257 1921 417 1966 Delegst,
438 1921 613 1966 pacisque
632 1921 747 1956 bonas
765 1920 926 1967 bellique
944 1921 1131 1957 ministras
1149 1934 1157 1959 ζ

258 1973 393 2015 Quales
412 1973 604 2018 Threiciae,
625 1985 742 2018 quum
760 1973 915 2009 flumina
933 1972 1216 2009 Thermodontis

258 2027 429 2071 Pulsant,
451 2028 489 2062 et
508 2025 618 2073 pictis
636 2026 822 2063 bellantur
840 2027 1046 2063 Amazones
1064 2026 1176 2063 armis
1190 2039 1200 2071 5

257 2079 330 2114 Seu
349 2079 487 2115 circum
507 2079 753 2125 Hippolyten,
774 2090 838 2115 seu
859 2091 976 2126 quum
995 2091 1034 2115 se
1053 2079 1192 2115 Martia
1209 2090 1316 2114 curru

249 2131 495 2167 ,Penthesilea
512 2132 638 2177 refert,
659 2143 866 2178 magnoque
885 2132 1054 2168 ululante
1071 2131 1240 2168 tumultu

258 2183 450 2219 Foeminea
468 2185 660 2220 exsultant
678 2185 817 2220 lunatis
836 2184 983 2231 agmina
999 2184 1117 2230 peltis.

260 2236 378 2278 Quem
397 2237 472 2272 telo
491 2237 667 2283 primum,
688 2249 800 2283 quem
818 2240 1057 2283 postremum,
1079 2248 1207 2282 aspera
1224 2238 1339 2284 virgo,

258 2289 422 2334 Dejicis'l
450 2293 517 2325 aut
537 2293 629 2335 quot
647 2290 752 2326 humi
770 2291 965 2326 morientia
983 2302 1134 2336 corpora
1151 2290 1276 2325 fundis
1292 2291 1305 2326 ’ἒ

260 2343 443 2378 Eunaeum
463 2342 586 2389 Clytio
606 2343 765 2389 primum
783 2346 887 2389 patre
902 2356 912 2388 ς
941 2343 1045 2389 cujus
1063 2345 1232 2389 apertum

1429 179 1472 200 625

1431 442 1474 463 6³0

1433 705 1475 726 635

1436 969 1480 991 640

1437 1233 1481 1254 64⁵

1440 1497 1484 1518 650

1441 1760 1484 1782 055

1445 2024 1485 2045 56⁰

1443 2289 1486 2311 605
