1559 2584
111 121 133 158 Ι)
545 132 734 160 VIRGILH
762 132 994 161 Bococh.

103 217 238 253 Nescio
257 218 339 264 quis
357 221 502 255 teneros
521 222 648 255 oculus
667 221 758 255 mihi
776 221 930 255 fascinat
951 233 1071 266 agnos.

156 272 258 306 ΒΑΜ.
291 273 373 317 Dio,
396 274 528 317 quibus
548 274 586 307 in
605 274 711 308 terris
731 274 783 318 (et
802 274 872 308 eris
890 273 982 308 mihi
1000 286 1154 319 magnus
1172 275 1336 323 Apollo‚)

103 324 190 358 Tres
209 328 334 368 pateat
354 327 436 360 coeli
455 328 627 371 spatium,
650 339 725 361 non
744 327 913 372 ampli11S‚
935 328 1051 362 ulnas.

156 376 260 412 ΜΕΝ.
294 379 375 422 Dio,
398 379 530 423 quibus
549 380 587 413 in
607 380 713 414 terris
731 380 899 424 inscripti
917 381 1067 414 nomina
1084 392 1211 425 regum

101 429 311 465 Nascantur
329 432 433 466 fiores
450 446 458 474 ;
487 436 525 466 et
544 433 717 476 Phyllida
736 433 833 466 solus
851 433 994 467 habeto.

156 483 246 518 PAL.
281 484 369 518 Non
387 488 556 518 nostrum
574 486 671 519 inter
688 497 753 520 vos
771 488 895 520 tantas
915 496 1130 531 componere
1148 485 1257 523 lites:

102 531 166 584 [Et
185 536 304 570 vitula
322 540 366 570 tu
385 538 529 582 dignus,
552 541 589 572 et
607 538 667 572 1110
686 551 694 580 ;
723 541 761 572 et
780 538 944 582 quisquis
967 550 1106 573 amores

101 589 181 622 Aut
200 592 339 623 metuet
359 590 495 634 dulces,
517 594 582 625 aut
602 592 809 636 experietur
828 588 999 640 amaros]

103 641 283 676 Claudite
287 643 365 687 jam
383 643 493 688 rivos,
514 644 618 688 pueri
639 658 645 680 :
675 647 731 679 sat
750 647 855 689 prata
873 645 1054 679 biberunt,

1385 321 1422 342 1⁰5

1386 579 1423 600 nu
1440 567 1442 569 ’

491 912 689 947 ECLOGA
716 912 783 949 IV.
789 913 1035 950 —POLLIQ

158 997 352 1032 SrcEmDEs
371 997 504 1041 Musae,
526 998 650 1042 paullo
669 999 807 1043 majora
826 1011 997 1033 canamus
1016 1013 1025 1041 3

105 1051 193 1084 Non
213 1062 337 1084 omnes
357 1051 506 1084 arbusta
520 1051 655 1095 juvant
674 1052 902 1096 humilesque
921 1053 1069 1097 myricae
1087 1065 1096 1090 ι

103 1103 141 1138 Si
160 1104 322 1138 canimus
342 1104 474 1147 sylvas,
498 1104 610 1147 sylvae
631 1104 704 1138 sint
723 1106 870 1139 consule
890 1106 1019 1149 dignae.

155 1156 297 1190 Ultima
317 1157 455 1190 Cumaei
476 1157 576 1190 venit
591 1157 669 1201 jam
689 1159 857 1191 carminis
876 1161 965 1192 aetas
982 1171 991 1201 ;

99 1210 260 1254 Magnus
279 1209 325 1243 ab
343 1210 484 1253 integro
504 1210 693 1243 saeclorum
711 1212 873 1244 nascitur
891 1212 988 1246 ordo.

99 1262 127 1296 J
129 1275 186 1296 am
206 1263 302 1296 redit
321 1265 358 1296 et
378 1262 504 1306 Virgo,
526 1263 683 1296 redeunt
703 1264 873 1297 Saturnia
892 1275 1003 1308 regna
1019 1275 1032 1307 ς

97 1315 125 1349 J
127 1327 186 1349 am
203 1327 300 1350 nova
317 1316 505 1359 progenies
524 1316 614 1349 coelo
634 1317 845 1350 demittitur
862 1317 945 1351 alto.

99 1369 155 1402 Tu
174 1369 283 1403 modo
302 1369 467 1402 nascenti
485 1380 610 1412 puero,
633 1381 705 1413 quo
725 1370 840 1403 ferrea
859 1370 1020 1413 primum

98 1421 263 1465 Desinet,
286 1433 327 1456 ac
345 1424 426 1455 toto
445 1424 567 1465 surget
586 1433 674 1465 gens
694 1434 803 1456 aurea
821 1423 972 1466 mundo,

99 1475 219 1518 Casta,
241 1475 336 1518 fave,
360 1475 499 1508 Lucina
517 1487 523 1509 :
552 1478 639 1508 tuus
654 1475 733 1519 jam
751 1478 878 1519 regnat
898 1475 1040 1519 Apollo.

98 1528 222 1572 Teque
241 1528 331 1562 adeo
351 1527 461 1561 decus
480 1528 548 1561 hoc
567 1528 649 1571 aevi,
671 1531 709 1562 te
728 1529 887 1572 consule,
910 1529 1031 1572 inibit,

98 1581 216 1615 Pollio
234 1594 242 1622 3
271 1583 308 1614 et
326 1581 502 1624 incipient
520 1581 644 1624 magni
661 1582 854 1625 procedere
873 1593 1023 1614 menses.

99 1634 149 1667 Te
168 1634 273 1677 duce,
296 1634 327 1667 si
346 1645 418 1677 qua
437 1636 600 1676 manent,
623 1634 766 1668 sceleris
785 1634 939 1678 vestigia
957 1632 1073 1668 nostri

99 1687 210 1721 Irrita
227 1689 405 1731 perpetua
424 1687 566 1720 solvent
584 1687 778 1720 formidine
797 1690 921 1721 terras.

99 1740 168 1774 Ille
188 1740 299 1773 desim
318 1739 432 1773 vitam
452 1739 616 1783 accipiet,
639 1740 807 1784 divisque
825 1740 967 1773 videbit

99 1793 307 1827 Permixtos
326 1793 464 1836 heroas,
487 1795 524 1826 et
542 1792 618 1836 ipse
637 1792 823 1826 videbitur
840 1793 913 1826 illis
933 1806 941 1834 ;

101 1846 351 1889 Pacatumque
370 1848 471 1889 reget
490 1845 617 1889 patriis
636 1845 836 1880 virtutibus
855 1846 988 1880 orbcm.

143 1894 207 1932 'At
224 1897 294 1932 tibi
313 1898 441 1942 prima,
464 1910 568 1942 puer,
590 1898 692 1932 nullo
711 1899 928 1932 munuscula
943 1899 1059 1942 cultu,

101 1951 276 1985 Errantes
294 1951 446 1984 hederas
465 1951 598 1994 passim
618 1962 700 1984 cum
719 1951 880 1995 baccare,
903 1952 1027 1995 tellus,

102 2005 297 2048 Mixtaque
317 2004 452 2037 ridenti
471 2003 644 2037 colocasia
662 2004 795 2037 fundet
814 2005 978 2038 acantho.

103 2057 197 2101 Ipsae
217 2057 311 2090 lacte
330 2057 480 2090 domum
499 2057 657 2090 referent
677 2056 839 2090 distenta
859 2058 1005 2101 capellae

103 2110 226 2144 Ubera
243 2123 251 2151 ;
279 2121 346 2143 nec
365 2121 514 2153 magnos
533 2112 700 2143 metuent
718 2113 883 2143 armenta
902 2111 1033 2145 leones.

104 2163 191 2207 Ipsa
208 2163 277 2196 tibi
295 2162 449 2196 blandos
467 2162 624 2196 fundent
644 2163 826 2196 cunabula
844 2163 949 2197 flores
970 2176 977 2197 z

105 2215 254 2250 Occidet
275 2218 312 2249 et
332 2227 489 2258 serpenS,
512 2217 548 2248 ct
567 2215 681 2249 fallax
699 2215 811 2249 herba
829 2216 961 2249 veneni

105 2268 256 2303 Occidet
277 2281 284 2310 ;
313 2268 504 2311 Assyrium
524 2269 634 2312 vulgo
653 2271 823 2302 nascetur
841 2280 1034 2302 amomum,
1393 2271 1420 2292 ‘²³

105 2322 157 2356 At
177 2321 285 2355 simul
304 2321 456 2354 heroum
475 2321 614 2364 laudes,
637 2323 674 2354 et
694 2321 791 2355 facta
809 2321 970 2365 parentis

103 2375 130 2409 J
132 2386 190 2408 am
209 2374 339 2418 legero,
361 2375 398 2407 et
418 2384 500 2417 quae
520 2373 568 2407 sit
586 2374 722 2417 poteris
740 2385 951 2418 cognoscere
969 2375 1086 2408 virtut«)
1102 2386 1112 2414 ς

1395 1463 1419 1483 10

1398 1724 1422 1744 15
