1559 2584
92 136 144 172 62

525 137 711 165 VIRGILII
742 136 797 163 GE
803 135 884 163 ORG
890 134 974 162 ICA.

198 227 316 270 Inque
335 225 412 260 dies
432 226 581 259 avidum
601 237 750 269 surgens
769 226 878 268 caput
898 223 1007 257 altius
1026 223 1138 256 effert.

197 280 331 313 Balatu
349 291 531 323 pecorum,
554 281 590 312 et
610 279 742 311 crebris
761 276 973 321 mugitibus,
995 287 1119 309 amnes

198 333 427 376 Arentesque
446 335 576 365 sonant
594 331 694 375 ripae,
718 331 897 374 collesque
917 329 1047 373 supini.

199 386 359 430 Jamque
378 385 592 419 catervatim
612 385 675 418 dat
695 387 863 427 stragem,
886 385 997 426 atque
1017 383 1163 425 aggerat
1182 380 1269 424 ipsis

200 438 247 472 In
266 438 417 472 stabulis
435 438 536 482 turpi
555 438 694 481 dilapsa
712 437 886 470 cadavera
903 436 990 469 tabo
1008 447 1015 469 :

200 492 327 525 Donec
345 491 457 524 humo
476 494 610 534 tegere,
633 503 674 524 ac
693 490 806 523 foveis
826 488 1044 523 abscondere
1064 487 1218 520 discunt.

202 544 300 579 Nam
319 556 437 587 neque
456 547 534 577 erat
554 544 657 577 coriis
677 555 763 576 usus
783 556 791 584 ;
819 553 885 575 nec
903 541 1040 575 viscera
1059 539 1252 584 quisquam

202 599 281 631 Aut
299 597 408 631 undis
427 598 569 631 abolere
588 599 721 641 potest,
743 598 808 630 aut
826 595 969 629 Vincere
988 594 1136 627 flamma
1156 605 1163 627 :

204 651 283 684 Nec
301 650 454 684 tondere
474 651 622 694 quidem
641 650 767 683 morbo
786 648 983 692 illuvieque
1002 658 1127 691 peresa

203 704 363 747 Vellera,
385 715 451 737 nec
469 704 560 737 telas
578 705 731 747 possunt
749 702 928 745 attingere
947 703 1082 745 putres.

205 757 346 791 Verum
366 757 477 790 etiam
495 757 631 790 invisos
651 756 680 789 si
700 756 781 800 quis
799 757 961 788 tentarat
981 753 1135 787 amictus
1156 765 1163 794 ;

205 810 387 844 Ardentes
405 810 561 854 papulae,
584 813 695 853 atque
714 808 926 853 immundus
945 807 1081 841 olentia
1100 805 1210 839 sudor

206 863 374 897 Membra
393 863 612 907 sequebatur
631 876 639 904 ;
668 874 734 896 nec
753 863 861 905 longo
881 861 1012 895 deinde
1031 858 1189 893 moranti

207 917 383 960 Tempore
402 919 588 950 contactos
608 919 709 950 artus
728 927 827 949 sacer
846 915 939 958 ignis
959 913 1099 947 edebat.

548 1133 704 1166 LIBER
734 1132 978 1174 QUARTUS.

210 1220 415 1254 PROTENUS
433 1219 520 1252 aerii
538 1219 655 1252 mellis
674 1219 835 1252 coelestia
853 1218 950 1252 dona

210 1272 400 1316 Exsequar
418 1285 424 1306 2
453 1273 546 1306 hanc
566 1272 689 1315 etiam,
713 1273 908 1314 Maecenas,
930 1271 1048 1315 aspice
1067 1275 1218 1316 partem.

211 1325 440 1359 Admiranda
458 1326 528 1359 tibi
545 1325 683 1359 levium
703 1325 907 1369 spectacula
926 1337 1060 1367 rerum,

212 1379 540 1423 Magnanimosque
559 1379 681 1422 duces,
703 1379 891 1422 totiusque
911 1378 1036 1412 ordine
1056 1378 1175 1421 gentis

212 1432 347 1475 Mores,
371 1434 408 1465 et
427 1432 559 1475 studia,
583 1435 619 1465 et
639 1433 803 1476 populos,
826 1434 863 1465 et
882 1432 1006 1475 praelia
1025 1431 1153 1465 dicam.

212 1485 259 1518 In
278 1485 383 1518 tenui
401 1485 503 1518 labor
523 1498 531 1526 ;
560 1487 598 1518 at
617 1486 738 1518 tenuis
758 1497 833 1518 non
851 1485 976 1528 gloria,
999 1484 1029 1517 si
1048 1496 1157 1528 quem

213 1538 379 1572 Numina
397 1538 490 1571 laeva
508 1538 635 1571 sinunt
654 1538 831 1582 auditque
854 1540 1001 1571 vocatus
1021 1538 1163 1581 Apollo.

266 1591 451 1635 Principio
471 1591 573 1625 sedes
592 1592 721 1635 apibus
741 1592 925 1635 statioque
945 1591 1115 1634 petenda,

214 1643 295 1685 Quo
314 1656 432 1688 neque
448 1644 495 1678 sit
514 1645 634 1678 ventis
654 1645 787 1687 aditus,
812 1645 911 1689 (nam
930 1644 1065 1688 pabula
1085 1644 1187 1677 venti

213 1697 324 1730 Ferre
343 1697 494 1731 domum
512 1698 735 1741 prohibent),
758 1710 876 1742 neque
896 1709 981 1731 oves
1000 1697 1171 1741 haedique
1190 1698 1326 1742 petulci

214 1750 385 1784 Floribus
403 1751 594 1795 insultent,
618 1754 682 1785 aut
703 1763 825 1785 errans
844 1751 978 1785 bucula
997 1762 1124 1794 campo

214 1803 388 1837 Decutiat
406 1815 537 1847 rorem,
560 1807 596 1838 et
616 1807 803 1848 surgentes
822 1807 957 1838 atterat
978 1804 1116 1837 herbas.

214 1856 350 1890 Absint
370 1860 406 1890 et
425 1857 515 1901 picti
534 1858 739 1901 squalentia
758 1860 860 1902 terga
878 1857 1007 1891 lacerti

215 1909 419 1953 Pinguibus
439 1922 459 1944 a
478 1911 642 1955 stabulis,
665 1923 913 1955 meropesque,
936 1911 1090 1954 aliaeque
1110 1910 1285 1955 volucres:

215 1963 263 1996 Et
282 1963 451 1997 manibus
471 1963 610 1997 Procne
630 1967 756 2009 pectus
776 1965 917 2008 signata
936 1964 1106 1998 cruentis·

216 2016 348 2050 Omnia
366 2028 451 2050 nam
470 2017 543 2051 late
563 2021 722 2061 vastant,
744 2018 913 2062 ipsasque
932 2018 1097 2051 volantes

217 2068 288 2102 Ore
307 2069 433 2103 ferunt
452 2070 596 2104 dulcem
615 2071 711 2105 nidis
731 2071 934 2104 immitibus
954 2082 1081 2105 escam.

215 2122 268 2156 At
286 2122 417 2166 liquidi
435 2123 569 2167 fontes,
592 2126 629 2158 et
649 2127 777 2168 stagna
796 2124 953 2158 virentia
971 2135 1096 2158 musco

214 2175 365 2218 Adsint,
388 2179 424 2210 et
443 2177 564 2210 tenuis
584 2178 728 2221 fugiens
747 2190 811 2222 per
829 2177 993 2222 gramina
1012 2177 1111 2210 rivus
1132 2189 1140 2217 ;

214 2228 416 2273 Palmaque
436 2230 670 2274 vestibulum,
692 2234 757 2265 aut
775 2231 903 2275 ingens
922 2231 1075 2264 oleaster
1092 2230 1277 2264 inumbret
1298 2243 1304 2265 :

216 2280 283 2324 Ut,
306 2293 421 2326 quum
439 2283 557 2326 prima
576 2285 663 2318 novi
682 2284 816 2318 ducent
837 2284 1004 2318 examina
1022 2295 1124 2327 reges

220 2334 313 2367 Vere
333 2346 409 2379 5110,
430 2336 606 2381 ludetque
626 2337 717 2371 favis
737 2338 866 2371 emissa
881 2337 1072 2381 juventus,

216 2386 348 2421 Vicina
366 2387 500 2422 invitet
520 2390 691 2424 decedere
711 2391 789 2434 ripa
808 2390 929 2432 calori,

1372 322 1412 344 ⁵⁵³

1377 588 1419 609 550

1382 854 1423 873 565

1408 1696 1432 1716 10

1411 1961 1435 1982 1⁵

1405 2229 1435 2250 ⁹0
