1528 2569
638 124 773 151 LIBER
802 124 878 151 ΧΠ.
1340 116 1378 151 2·
1400 143 1406 147 .

1373 117 1392 153 (υ

1403 119 1421 155 υ(

214 208 388 253 proterit,
411 212 476 244 aut
495 213 616 254 raptas
635 211 860 255 fugientibus
879 211 1012 254 ingerit
1029 210 1157 246 hastas.
1383 210 1424 229 ³³⁰

215 261 340 302 Qualis
359 263 456 306 apud
475 263 587 307 gelidi
607 275 722 307 quum
742 264 894 298 flumina
913 264 1075 298 concitus
1094 263 1212 297 Hebri

214 314 443 358 Sanguineus
462 316 612 349 Mavors
631 317 758 360 clypeo
777 317 950 360 increpat,
973 320 1084 361 atque
1103 317 1266 350 furentes

215 366 318 400 Bella
335 379 485 401 movens
505 369 674 402 immittit
694 381 804 413 equos
823 383 830 410 ;
858 370 912 402 illi
931 381 1075 413 aequore
1095 372 1220 413 aperto

211 420 310 453 Ante
329 420 448 454 Notos
467 421 749 465 Zephyrumque
768 422 894 455 volant
912 435 919 463 3
948 422 1060 466 gemit
1078 422 1210 456 ultima
1227 421 1336 466 pulsu

213 472 350 506 Thraca
368 474 502 517 pedum
520 487 529 516 3
559 474 765 518 circumque
786 478 875 508 atrae
895 475 1115 508 Formidinis
1134 486 1208 518 ora,
1383 472 1424 492 ³³⁵

213 525 369 570 Iraeque,
393 527 626 571 Insidiaeque,
649 527 720 561 Dei
739 528 946 570 comitatus,
968 530 1126 572 aguntur
1144 540 1151 561 :

213 578 309 611 Talis
328 591 439 623 equos
458 580 575 613 alacer
593 580 713 614 media
730 580 827 613 inter
845 581 970 624 praelia
987 581 1131 614 Turnus

214 630 413 665 Fumantes
433 633 563 666 sudore
583 633 716 677 quatit,
738 633 940 666 miserabile
961 633 1060 667 caesis

213 683 394 718 Hostibus
412 685 591 719 insultans
609 699 617 727 ;
645 686 780 730 spargit
798 686 924 730 rapida
941 686 1079 730 ungula
1096 697 1195 719 rores

214 736 449 781 Sanguineos,
471 739 662 783 mixtaque
681 750 787 772 cruor
806 739 966 772 calcatur
984 741 1101 772 arena.
1384 737 1426 755 ³²⁰

213 789 372 834 Jamque
385 790 465 824 neci
479 791 764 835 Sthenelumque
776 791 891 834 dedit,
906 791 1163 835 Thamyrique,
1179 791 1422 835 Pholumque,

213 841 326 876 Hunc
345 855 567 887 congressus,
590 847 627 877 et
645 844 743 877 hunc
762 857 769 885 ;
797 844 904 876 illum
923 844 1084 878 eminus:
1114 844 1256 877 eminus
1275 845 1382 878 ambo

213 894 444 939 Imbrasidas,
468 896 648 930 Glaucum
667 899 777 940 atque
798 896 932 939 Laden,
957 908 1048 940 quos
1067 897 1252 931 Imbrasus
1271 897 1347 941 ipse

212 947 251 981 N
253 949 406 982 utrierat
425 949 549 992 Lycia,
570 949 789 994 paribusque
808 952 999 983 ornaverat
1019 949 1139 991 armis,

213 1000 286 1034 Vel
304 1002 466 1035 conferre
485 1014 647 1044 manum,
669 1003 727 1036 vel
747 1014 840 1046 equo
859 1005 1074 1046 praevertere
1094 1005 1234 1038 ventos.
1387 1000 1428 1020 ³⁴³

214 1053 326 1087 Parte
345 1055 426 1097 alia,
449 1055 570 1089 media
584 1055 766 1089 Eumedes
785 1055 823 1088 in
842 1055 968 1099 praelia
985 1055 1114 1099 fertur,

214 1107 373 1151 Antiqui
392 1108 510 1151 proles
529 1108 624 1141 bello
644 1109 816 1152 praeclara
834 1108 998 1150 Dolonis,

215 1158 376 1193 Nomine
395 1172 506 1194 avum
524 1161 694 1204 referens,
717 1161 837 1194 animo
856 1161 1097 1204 manibusque
1117 1163 1305 1205 parentem
1323 1174 1332 1204 ;

216 1212 288 1253 Qui
307 1213 501 1257 quondam,
526 1217 642 1247 castra
660 1216 703 1247 ut
723 1214 892 1247 Danaum
911 1213 1116 1257 speculator
1135 1214 1266 1258 adiret,

215 1267 338 1299 Ausus
358 1266 496 1300 Pelidae
515 1267 673 1310 pretium
693 1267 761 1300 sibi
779 1278 924 1310 poscere
944 1278 1069 1300 currus
1087 1278 1093 1300 :
1389 1265 1429 1284 ³³⁰

216 1317 328 1352 Illum
348 1319 506 1363 Tydides
524 1319 595 1353 alio
614 1331 678 1364 pro
698 1320 833 1354 talibus
852 1320 948 1353 ausis

215 1371 349 1405 Affecit
368 1372 485 1416 pretio
502 1385 511 1414 ;
539 1384 606 1406 nec
625 1373 727 1417 equis
745 1373 880 1417 aspirat
899 1372 1060 1406 Achillis.

216 1423 330 1458 Hunc
349 1425 475 1469 procul
494 1428 536 1459 ut
557 1437 682 1469 campo
703 1426 847 1459 Turnus
867 1426 1057 1469 conspexit
1075 1428 1214 1470 aperto,

215 1478 315 1511 Ante
334 1478 406 1511 levi
421 1478 543 1522 jaculo
562 1479 712 1522 longum
731 1491 796 1522 per
814 1478 923 1512 inane
943 1481 1103 1522 secutus,

216 1530 320 1564 Sistit
339 1542 451 1575 equos
471 1531 624 1575 bijuges,
646 1534 684 1565 et
703 1543 807 1565 curru
830 1532 961 1575 desilit,
986 1534 1096 1575 atque
1391 1529 1432 1548 ³⁵⁵

217 1582 428 1617 Semianimi
446 1584 621 1628 lapsoque
640 1585 864 1628 supervenit,
887 1587 933 1628 et,
958 1585 1049 1628 pede
1069 1584 1161 1618 collo

216 1636 410 1680 Impresso‚
432 1637 572 1671 dextrae
591 1649 802 1671 mucronem
822 1640 1028 1681 extorquet,
1051 1640 1088 1671 et
1106 1637 1182 1671 alto

215 1688 437 1733 Fulgentem
456 1690 570 1724 tinxit
585 1691 716 1735 jugulo
734 1704 742 1732 ;
772 1693 882 1734 atque
901 1691 980 1724 haec
999 1690 1147 1734 insuper
1165 1689 1270 1724 add-it
1287 1701 1296 1726 :

220 1742 329 1786 “En,
352 1754 465 1786 agros,
490 1746 539 1784 et,
562 1755 671 1787 quam
690 1743 796 1785 bello,
821 1743 987 1787 Trojane,
1009 1743 1146 1787 petisti,

221 1795 434 1855 Hesperiam
453 1796 581 1829 metire
596 1796 721 1840 jacens
739 1809 746 1830 z
774 1796 852 1829 haec
871 1796 1030 1840 praemia,
1053 1796 1117 1839 qui
1135 1807 1193 1829 me
1394 1794 1435 1814 ³⁰⁰

218 1848 332 1882 Ferro
352 1860 397 1882 au
400 1849 430 1882 si
449 1851 604 1891 tentare,
627 1850 681 1882 fei
684 1851 777 1882 unt·
770 1876 777 1891 ,
807 1849 855 1882 sic
875 1849 1011 1882 moenia
1031 1849 1202 1882 condunt.
1210 1848 1231 1865 '²

220 1901 321 1935 Huic
342 1902 510 1935 comitem
531 1902 713 1944 Asbuten,
736 1902 901 1945 conjecta
921 1901 1078 1945 cuspide,
1101 1901 1239 1958 mittit3

221 1955 461 1998 Chloreaque,
485 1954 738 1999 Sybarimque,
760 1955 981 1998 Daretaque,
1004 1940 1370 1999 Thersilochumque5

219 2007 270 2041 Et
290 2008 465 2041 steinacis
484 2008 570 2052 equi
588 2008 731 2051 lapsum
751 2019 830 2040 ccrx
834 2008 887 2040 ice
906 2008 1134 2051 Thymoeten.

219 2059 280 2096 Ac
298 2061 401 2094 velut
421 2060 542 2094 Edoni
561 2061 686 2094 Boreae
707 2072 822 2104 quum
842 2059 992 2104 spiritus
1008 2060 1083 2093 alto
1396 2058 1438 2078 ³⁶5

221 2113 377 2148 Insonat
398 2114 538 2157 AEgaeo,
562 2114 801 2157 sequiturque
821 2113 867 2147 ad
887 2113 1013 2146 littora
1032 2113 1178 2155 fluctus,

222 2166 305 2207 Qua
326 2167 427 2200 venti
446 2167 664 2208 incubuere3
693 2167 817 2210 sugam
837 2166 927 2200 dant
946 2166 1071 2199 nubila
1091 2166 1182 2199 coelo
1198 2177 1206 2199 :

222 2219 282 2253 Sic
303 2220 438 2263 Turno,
462 2222 680 2264 quacunque
698 2219 797 2252 viam
816 2221 924 2262 secat,
946 2219 1091 2262 agmina
1109 2218 1260 2264 cedunt,

222 2272 487 2317 Conversaeque
506 2276 619 2306 ruunt
639 2272 732 2306 acies
743 2285 751 2313 3
779 2272 851 2305 fert
870 2272 1027 2316 impetus
1045 2272 1176 2316 ipsum,

223 2325 273 2359 Et
293 2326 439 2359 cristam
459 2325 612 2359 adverso
632 2336 739 2359 curru
759 2325 880 2369 quatit
898 2337 986 2359 aura
1003 2325 1199 2358 volantem.
1397 2321 1438 2344 ³7⁰

222 2377 309 2412 Non
329 2378 418 2412 tulit
435 2378 635 2412 instantem
653 2378 830 2423 Phegeus,
854 2378 1056 2422 animisque
1075 2377 1318 2457 frementem3:

1251 2435 1272 2457 L
