1528 2569
633 85 765 112 LIBER
797 83 855 111 XI.
1321 75 1401 112 7205

192 172 421 216 Quanquam,
443 183 477 215 o,
499 172 529 205 si
548 172 664 205 solitae
683 171 878 215 quicquam
897 169 1045 203 virtutis
1064 169 1218 213 adesset,
1362 169 1402 188 ⁴¹³

191 224 261 258 Ille
279 225 367 258 mihi
386 228 471 258 ante
490 224 579 257 alios
597 224 880 267 fortunatusque
899 222 1078 265 laborum,

191 277 438 320 Egregiusque
457 277 580 318 animi,
603 276 679 320 qui,
701 288 746 309 ne
767 276 855 319 quid
874 275 947 308 tale
966 275 1117 317 videret,

192 329 392 363 Procubuit
412 329 579 371 moriens,
602 331 638 362 et
657 329 809 361 humum
829 327 939 361 semel
959 339 1019 360 ore
1038 326 1245 362 momordit.

192 381 257 415 Sin
275 383 312 414 et
331 393 415 424 opes
434 381 548 423 nobis,
573 383 610 414 et
629 381 747 414 adhuc
766 381 904 413 intacta
918 380 1107 423 juventus,

191 433 413 476 Auxilioque
432 433 540 466 urbes
560 433 664 466 Italae
683 433 880 476 populique
900 434 1095 475 supersunt
1111 445 1120 473 ;

192 486 256 519 Sin
275 488 312 519 et
331 485 495 529 Trojanis
514 497 597 518 cum
616 485 733 518 multo
752 484 865 528 gloria
884 484 984 517 venit

192 537 395 582 Sanguine;
424 540 509 571 sunt
528 538 599 570 illis
618 549 683 571 sua
701 538 841 578 funera,
864 548 999 580 parque
1018 547 1082 580 per
1101 547 1225 570 omnes

191 590 418 633 Tempestas:
448 601 512 623 cur
529 590 715 623 indecores
732 589 770 622 in
790 589 914 622 limine
932 589 1048 631 primo

191 642 410 676 Deficimus.2
438 654 501 675 cur
519 645 604 675 ante
623 643 750 675 tubam
770 644 905 674 tremor
923 643 1076 684 occupat
1094 640 1218 675 artus?

192 694 315 728 Multa
334 695 409 728 dies
429 695 620 738 variusque
639 694 741 727 labor
759 694 945 726 mutabilis
964 693 1033 726 aevi

191 746 336 780 Retulit
354 747 392 779 in
411 747 558 780 melius:
588 747 723 779 multos
742 746 881 779 alterna
899 745 1059 778 revisens

191 799 309 841 Lusit,
332 801 369 832 et
388 799 425 831 in
445 799 560 831 solido
581 810 702 831 rursus
722 798 887 830 Fortuna
905 797 1047 831 locavit.

191 851 275 885 Non
298 851 366 884 erit
385 851 522 884 auxilio
541 851 646 884 nobis
667 850 828 892 AEltolus,
851 852 887 882 et
909 849 1017 892 Arpi:

191 904 243 937 At
264 903 452 946 Messapus
472 902 552 944 erit,
575 903 737 946 felixque
757 902 983 944 Tolumnius,
1005 903 1042 935 et
1062 912 1154 945 quos

192 956 261 989 Tot
280 955 404 999 populi
424 955 550 988 misere
570 955 700 994 duces;
729 966 795 987 nec
814 966 926 998 parva
943 956 1117 997 sequetur

193 1008 316 1042 Gloria
335 1008 492 1041 delectos
511 1007 616 1041 Latio
636 1010 672 1040 et
692 1007 938 1040 Laurentibus
956 1006 1060 1049 agris.

192 1060 258 1093 Est
278 1064 315 1093 et
335 1060 548 1093 Volscorum
569 1059 710 1103 egregia¹
730 1059 774 1092 de
794 1062 902 1102 gente
923 1058 1087 1100 Camilla,

192 1114 334 1156 Agmen
353 1124 462 1155 agens
482 1112 648 1156 equitum
667 1115 703 1145 et
722 1112 892 1145 florentes
911 1122 982 1144 aere
1002 1114 1172 1144 catervas.

193 1165 300 1206 Quod
319 1164 350 1198 si
368 1176 425 1197 me
445 1164 563 1197 solum
582 1164 707 1197 Teucri
728 1164 767 1196 'm
787 1164 984 1197 certamina
1003 1165 1170 1206 poscunt,

193 1217 312 1261 quue
330 1217 461 1260 placet,
483 1219 702 1260 tantumque
722 1216 826 1249 bonis
845 1215 1096 1249 communibus
1115 1215 1232 1258 obsto,

192 1269 230 1303 N
233 1281 280 1303 on
299 1270 389 1302 adeo
408 1269 473 1302 has
491 1279 600 1302 exosa
619 1279 747 1302 manus
766 1268 916 1301 victoria
935 1267 1042 1311 fugit,

193 1321 246 1355 Ut
264 1324 370 1355 tanta
389 1321 584 1365 quicquam
602 1322 667 1364 pro
687 1332 748 1364 spe
768 1323 911 1354 tentare
930 1331 1102 1353 recusem.

193 1374 261 1407 Ibo
280 1374 410 1407 animis
429 1378 574 1414 contra3
604 1374 661 1406 vel
680 1384 852 1416 magnum
871 1375 1019 1416 praestet
1041 1372 1231 1415 Achillem,

193 1427 377 1470 Factaque
398 1426 555 1459 Vulcani
573 1426 740 1458 manibus
760 1425 860 1468 paria
878 1425 1007 1458 induat
1026 1436 1126 1458 arma

193 1479 261 1512 Ille
280 1479 385 1512 licet:
413 1479 515 1512 vobis
535 1478 692 1512 animam
711 1478 803 1510 hanc
822 1488 1014 1520 soceroque
1034 1477 1164 1510 Latino

194 1531 336 1564 Turnus
356 1542 433 1574 ego,
453 1531 551 1564 haud
569 1530 636 1563 ulli
657 1532 821 1563 veterum
840 1529 977 1563 virtute
996 1529 1188 1572 secundus,

193 1583 341 1617 Devovi.
404 1583 529 1616 Solum
548 1582 685 1615 AEneas
704 1585 828 1616 vocat:
858 1584 895 1615 et
915 1584 1030 1624 vocet,
1053 1593 1124 1614 oro.

194 1635 231 1668 N
234 1648 274 1669 ec
292 1636 451 1669 Drances
469 1636 602 1679 potius,
626 1635 700 1667 sive
720 1637 775 1667 est
794 1634 871 1667 heec
889 1634 942 1667 ira
961 1634 1136 1677 Deorum,

194 1688 316 1721 Morte
335 1688 434 1728 luat;
463 1688 537 1720 sive
558 1691 612 1720 est
634 1687 749 1720 virtus
768 1689 804 1720 et
823 1687 946 1730 gloria,
972 1684 1119 1719 tollat.''

248 1740 309 1773 Illi
327 1740 405 1773 hoec
423 1739 519 1773 inter
537 1751 574 1772 se
594 1739 714 1772 dubiis
734 1739 778 1772 de
797 1739 904 1772 rebus
923 1739 1078 1781 agebant

195 1793 402 1826 certantes:
433 1794 548 1825 castra
569 1791 705 1824 AEneas
723 1791 908 1834 aciemque
928 1791 1107 1825 movebat.

195 1845 361 1878 Nuntius
380 1844 521 1887 ingenti
540 1855 604 1887 per
623 1843 719 1886 regia
738 1846 835 1876 tecta
854 1843 1020 1876 tumultu

194 1897 286 1930 Ecce
305 1897 390 1939 ruit,
414 1896 626 1939 magnisque
644 1895 771 1928 urbem
790 1895 988 1928 terroribus
1007 1895 1155 1938 implet:

194 1950 399 1983 Instructos
418 1948 492 1981 acie
513 1948 680 1981 Tiberino
700 1959 721 1980 a
740 1947 890 1980 flumine
910 1947 1066 1980 Teucros

195 2001 491 2045 Tyrrhenamque
510 2011 659 2033 manum
678 2000 766 2032 totis
786 1999 1001 2032 descendere
1021 1998 1164 2042 campis.

195 2053 389 2097 Extemplo
408 2053 548 2086 turbati
567 2052 690 2093 animi,
714 2062 957 2094 concussaque
977 2051 1079 2094 vulgi

195 2106 361 2148 Pectora,
384 2109 420 2138 et
440 2108 587 2138 arrectae
607 2104 764 2137 stimulis
783 2103 882 2136 haud
901 2103 1071 2136 mollibus
1090 2103 1162 2136 irae.

196 2159 309 2192 Arma
328 2169 439 2191 manu
457 2157 591 2200 trepidi
610 2159 764 2199 poscunt
781 2169 789 2196 3
817 2156 940 2189 fremit
958 2167 1057 2189 arma
1072 2155 1249 2199 juventus
1260 2168 1268 2196 3

195 2211 305 2244 Flent
324 2209 447 2244 moesti
464 2211 703 2252 mussantque
721 2211 862 2252 patres;
890 2208 948 2241 hic
966 2208 1129 2251 undique
1150 2207 1285 2240 clamor

196 2263 372 2297 Dissensu
391 2262 491 2296 vario
510 2272 662 2305 magnus
682 2272 718 2294 se
737 2260 835 2294 tollit
853 2260 892 2293 in
910 2271 1035 2294 auras:

198 2314 312 2349 Haud
331 2325 432 2348 secus
450 2317 561 2358 atque
581 2313 655 2347 alto
674 2313 712 2346 in
731 2313 812 2347 luco
831 2323 946 2356 quum
964 2312 1057 2347 forte
1079 2314 1232 2346 catervae

1361 428 1403 450 420

1361 689 1403 710 425

1362 950 1405 971 430

1361 1212 1402 1232 435

1363 1474 1390 1494 ⁴4
1393 1473 1405 1494 Ι)

1363 1733 1406 1755 445

1366 1993 1409 2016 ⁴50

1366 2257 1408 2276 455
