<?xml version="1.0" encoding="UTF-8"?>
<!DOCTYPE html PUBLIC "-//W3C//DTD XHTML 1.0 Transitional//EN"
    "http://www.w3.org/TR/xhtml1/DTD/xhtml1-transitional.dtd">
<html xmlns="http://www.w3.org/1999/xhtml" xml:lang="en" lang="en">
 <head>
  <title>
</title>
<meta http-equiv="Content-Type" content="text/html;charset=utf-8" />
  <meta name='ocr-system' content='tesseract 3.04.00' />
  <meta name='ocr-capabilities' content='ocr_page ocr_carea ocr_par ocr_line ocrx_word'/>
</head>
<body>
  <div class='ocr_page' id='page_1' title='image "./operavir00virguoft_0415.png"; bbox 0 0 1528 2569; ppageno 0'>
   <div class='ocr_carea' id='block_1_1' title="bbox 595 103 1374 141">
    <p class='ocr_par' dir='ltr' id='par_1_1' title="bbox 595 103 1374 141">
     <span class='ocr_line' id='line_1_1' title="bbox 595 103 1374 141; baseline 0 0"><span class='ocrx_word' id='word_1_1' title='bbox 595 112 730 141; x_wconf 73' lang='lat' dir='ltr'>LIBER.</span> <span class='ocrx_word' id='word_1_2' title='bbox 757 111 836 141; x_wconf 82' lang='lat' dir='ltr'><strong>xn.</strong></span> <span class='ocrx_word' id='word_1_3' title='bbox 1293 103 1374 141; x_wconf 78' lang='lat'><strong>217</strong></span> 
     </span>
    </p>
   </div>
   <div class='ocr_carea' id='block_1_2' title="bbox 390 340 1039 506">
    <p class='ocr_par' dir='ltr' id='par_1_2' title="bbox 390 340 1039 506">
     <span class='ocr_line' id='line_1_2' title="bbox 535 340 899 395; baseline -0.003 0"><span class='ocrx_word' id='word_1_4' title='bbox 535 340 705 395; x_wconf 90' lang='lat' dir='ltr'><strong>AENE</strong></span> <span class='ocrx_word' id='word_1_5' title='bbox 720 342 802 395; x_wconf 92' lang='lat' dir='ltr'><strong>ID</strong></span> <span class='ocrx_word' id='word_1_6' title='bbox 813 341 854 395; x_wconf 95' lang='grc' dir='ltr'>Ο</span> <span class='ocrx_word' id='word_1_7' title='bbox 867 341 899 394; x_wconf 89' lang='lat' dir='ltr'>S</span> 
     </span>
     <span class='ocr_line' id='line_1_3' title="bbox 390 462 1039 506; baseline 0.003 -2"><span class='ocrx_word' id='word_1_8' title='bbox 390 462 583 505; x_wconf 82' lang='lat' dir='ltr'>LIBER</span> <span class='ocrx_word' id='word_1_9' title='bbox 611 464 1039 506; x_wconf 82' lang='lat' dir='ltr'><strong>DUODECIMUS.</strong></span> 
     </span>
    </p>
   </div>
   <div class='ocr_carea' id='block_1_3' title="bbox 164 577 1382 2358">
    <p class='ocr_par' dir='ltr' id='par_1_3' title="bbox 165 577 1064 614">
     <span class='ocr_line' id='line_1_4' title="bbox 165 577 1064 614; baseline 0.001 -2"><span class='ocrx_word' id='word_1_10' title='bbox 165 577 326 613; x_wconf 78' lang='lat' dir='ltr'><strong>TURNUS</strong></span> <span class='ocrx_word' id='word_1_11' title='bbox 343 582 388 613; x_wconf 88' lang='lat' dir='ltr'><strong>ut</strong></span> <span class='ocrx_word' id='word_1_12' title='bbox 406 579 581 613; x_wconf 86' lang='lat' dir='ltr'><strong>infractos</strong></span> <span class='ocrx_word' id='word_1_13' title='bbox 599 579 752 613; x_wconf 85' lang='lat' dir='ltr'><strong>adverso</strong></span> <span class='ocrx_word' id='word_1_14' title='bbox 771 579 893 614; x_wconf 86' lang='lat' dir='ltr'><strong>Marte</strong></span> <span class='ocrx_word' id='word_1_15' title='bbox 912 579 1064 614; x_wconf 83' lang='lat' dir='ltr'><strong>Latinos</strong></span> 
     </span>
    </p>

    <p class='ocr_par' dir='ltr' id='par_1_4' title="bbox 164 629 1047 676">
     <span class='ocr_line' id='line_1_5' title="bbox 164 629 1047 676; baseline 0.001 -12"><span class='ocrx_word' id='word_1_16' title='bbox 164 629 349 665; x_wconf 85' lang='lat' dir='ltr'><strong>Defecisse</strong></span> <span class='ocrx_word' id='word_1_17' title='bbox 369 631 482 674; x_wconf 88' lang='lat' dir='ltr'><strong>videt,</strong></span> <span class='ocrx_word' id='word_1_18' title='bbox 504 643 569 665; x_wconf 88' lang='lat' dir='ltr'><strong>sua</strong></span> <span class='ocrx_word' id='word_1_19' title='bbox 588 643 686 666; x_wconf 89' lang='lat' dir='ltr'><strong>nunc</strong></span> <span class='ocrx_word' id='word_1_20' title='bbox 705 632 878 676; x_wconf 78' lang='lat' dir='ltr'><strong>promissa</strong></span> <span class='ocrx_word' id='word_1_21' title='bbox 896 632 1047 676; x_wconf 90' lang='lat' dir='ltr'><strong>reposci,</strong></span> 
     </span>
    </p>

    <p class='ocr_par' dir='ltr' id='par_1_5' title="bbox 164 683 1034 728">
     <span class='ocr_line' id='line_1_6' title="bbox 164 683 1034 728; baseline 0 -10"><span class='ocrx_word' id='word_1_22' title='bbox 164 683 209 718; x_wconf 90' lang='lat' dir='ltr'><strong>Se</strong></span> <span class='ocrx_word' id='word_1_23' title='bbox 228 683 363 727; x_wconf 84' lang='lat' dir='ltr'><strong>signari</strong></span> <span class='ocrx_word' id='word_1_24' title='bbox 381 684 494 718; x_wconf 75' lang='lat' dir='ltr'><strong>oculis</strong></span> <span class='ocrx_word' id='word_1_25' title='bbox 511 697 518 724; x_wconf 91' lang='lat'>;</span> <span class='ocrx_word' id='word_1_26' title='bbox 548 684 646 718; x_wconf 90' lang='lat' dir='ltr'><strong>ultro</strong></span> <span class='ocrx_word' id='word_1_27' title='bbox 664 685 900 728; x_wconf 77' lang='lat' dir='ltr'>implacabilis</span> <span class='ocrx_word' id='word_1_28' title='bbox 919 685 1034 728; x_wconf 85' lang='lat' dir='ltr'><strong>ardet,</strong></span> 
     </span>
    </p>

    <p class='ocr_par' dir='ltr' id='par_1_6' title="bbox 165 736 1141 781">
     <span class='ocr_line' id='line_1_7' title="bbox 165 736 1141 781; baseline 0.001 -12"><span class='ocrx_word' id='word_1_29' title='bbox 165 736 390 780; x_wconf 84' lang='lat' dir='ltr'><strong>Attollitque</strong></span> <span class='ocrx_word' id='word_1_30' title='bbox 409 736 557 771; x_wconf 88' lang='lat' dir='ltr'><strong>animos.</strong></span> <span class='ocrx_word' id='word_1_31' title='bbox 618 737 817 770; x_wconf 81' lang='lat' dir='ltr'><strong>Poenorum</strong></span> <span class='ocrx_word' id='word_1_32' title='bbox 837 737 955 781; x_wconf 88' lang='lat' dir='ltr'><strong>qualis</strong></span> <span class='ocrx_word' id='word_1_33' title='bbox 973 737 1013 770; x_wconf 89' lang='lat' dir='ltr'><strong>in</strong></span> <span class='ocrx_word' id='word_1_34' title='bbox 1033 737 1141 780; x_wconf 85' lang='lat' dir='ltr'><strong>arvis,</strong></span> 
     </span>
    </p>

    <p class='ocr_par' dir='ltr' id='par_1_7' title="bbox 165 786 1376 938">
     <span class='ocr_line' id='line_1_8' title="bbox 165 786 1376 832; baseline 0.001 -11"><span class='ocrx_word' id='word_1_35' title='bbox 165 787 317 822; x_wconf 80' lang='lat' dir='ltr'><strong>Saucius</strong></span> <span class='ocrx_word' id='word_1_36' title='bbox 335 788 396 823; x_wconf 87' lang='lat' dir='ltr'><strong>ille</strong></span> <span class='ocrx_word' id='word_1_37' title='bbox 415 789 516 832; x_wconf 84' lang='lat' dir='ltr'><strong>gravi</strong></span> <span class='ocrx_word' id='word_1_38' title='bbox 534 791 736 823; x_wconf 75' lang='lat' dir='ltr'><strong>venantum</strong></span> <span class='ocrx_word' id='word_1_39' title='bbox 758 789 906 822; x_wconf 86' lang='lat' dir='ltr'><strong>vulnere</strong></span> <span class='ocrx_word' id='word_1_40' title='bbox 925 791 1064 832; x_wconf 86' lang='lat' dir='ltr'><strong>pectus,</strong></span> <span class='ocrx_word' id='word_1_41' title='bbox 1362 786 1376 806; x_wconf 82' lang='lat'>⁵</span> 
     </span>
     <span class='ocr_line' id='line_1_9' title="bbox 166 840 1228 885; baseline 0 -11"><span class='ocrx_word' id='word_1_42' title='bbox 166 840 260 874; x_wconf 80' lang='lat' dir='ltr'><strong>Tum</strong></span> <span class='ocrx_word' id='word_1_43' title='bbox 279 841 428 875; x_wconf 88' lang='lat' dir='ltr'><strong>demum</strong></span> <span class='ocrx_word' id='word_1_44' title='bbox 446 844 568 875; x_wconf 86' lang='lat' dir='ltr'><strong>movet</strong></span> <span class='ocrx_word' id='word_1_45' title='bbox 587 853 686 875; x_wconf 83' lang='lat' dir='ltr'><strong>arma</strong></span> <span class='ocrx_word' id='word_1_46' title='bbox 704 842 760 875; x_wconf 89' lang='lat' dir='ltr'><strong>leo</strong></span> <span class='ocrx_word' id='word_1_47' title='bbox 781 855 789 883; x_wconf 82' lang='lat'><em>3</em></span> <span class='ocrx_word' id='word_1_48' title='bbox 817 842 1024 885; x_wconf 76' lang='lat' dir='ltr'>gaudetque</span> <span class='ocrx_word' id='word_1_49' title='bbox 1043 843 1228 875; x_wconf 79' lang='lat' dir='ltr'><strong>comantes</strong></span> 
     </span>
     <span class='ocr_line' id='line_1_10' title="bbox 165 892 1031 938; baseline 0.001 -12"><span class='ocrx_word' id='word_1_50' title='bbox 165 892 366 927; x_wconf 76' lang='lat' dir='ltr'><strong>Excutiens</strong></span> <span class='ocrx_word' id='word_1_51' title='bbox 385 894 521 927; x_wconf 87' lang='lat' dir='ltr'><strong>cervice</strong></span> <span class='ocrx_word' id='word_1_52' title='bbox 540 897 651 937; x_wconf 79' lang='lat' dir='ltr'><strong>toros,</strong></span> <span class='ocrx_word' id='word_1_53' title='bbox 673 894 860 938; x_wconf 78' lang='lat' dir='ltr'><strong>fixumque</strong></span> <span class='ocrx_word' id='word_1_54' title='bbox 878 893 1031 927; x_wconf 87' lang='lat' dir='ltr'><strong>latronis</strong></span> 
     </span>
    </p>

    <p class='ocr_par' dir='ltr' id='par_1_8' title="bbox 167 945 1156 990">
     <span class='ocr_line' id='line_1_11' title="bbox 167 945 1156 990; baseline 0.001 -11"><span class='ocrx_word' id='word_1_55' title='bbox 167 945 380 990; x_wconf 86' lang='lat' dir='ltr'><strong>Impavidus</strong></span> <span class='ocrx_word' id='word_1_56' title='bbox 398 946 533 990; x_wconf 80' lang='lat' dir='ltr'><strong>frangit</strong></span> <span class='ocrx_word' id='word_1_57' title='bbox 551 946 680 989; x_wconf 87' lang='lat' dir='ltr'><strong>telum,</strong></span> <span class='ocrx_word' id='word_1_58' title='bbox 703 949 740 980; x_wconf 85' lang='lat' dir='ltr'><strong>et</strong></span> <span class='ocrx_word' id='word_1_59' title='bbox 757 947 881 979; x_wconf 87' lang='lat' dir='ltr'><strong>fremit</strong></span> <span class='ocrx_word' id='word_1_60' title='bbox 900 958 960 980; x_wconf 81' lang='lat' dir='ltr'><strong>ore</strong></span> <span class='ocrx_word' id='word_1_61' title='bbox 979 949 1129 980; x_wconf 86' lang='lat' dir='ltr'><strong>cruento</strong></span> <span class='ocrx_word' id='word_1_62' title='bbox 1149 958 1156 981; x_wconf 92' lang='lat'><strong>:</strong></span> 
     </span>
    </p>

    <p class='ocr_par' dir='ltr' id='par_1_9' title="bbox 167 997 1047 1043">
     <span class='ocr_line' id='line_1_12' title="bbox 167 997 1047 1043; baseline 0 -11"><span class='ocrx_word' id='word_1_63' title='bbox 167 997 280 1032; x_wconf 91' lang='lat' dir='ltr'><strong>Haud</strong></span> <span class='ocrx_word' id='word_1_64' title='bbox 299 1010 400 1033; x_wconf 85' lang='lat' dir='ltr'><strong>secus</strong></span> <span class='ocrx_word' id='word_1_65' title='bbox 419 1010 566 1033; x_wconf 87' lang='lat' dir='ltr'><strong>accenso</strong></span> <span class='ocrx_word' id='word_1_66' title='bbox 585 999 704 1043; x_wconf 79' lang='lat' dir='ltr'><strong>gliscit</strong></span> <span class='ocrx_word' id='word_1_67' title='bbox 723 999 898 1032; x_wconf 80' lang='lat' dir='ltr'><strong>violentia</strong></span> <span class='ocrx_word' id='word_1_68' title='bbox 915 999 1047 1032; x_wconf 87' lang='lat' dir='ltr'><strong>Turno.</strong></span> 
     </span>
    </p>

    <p class='ocr_par' dir='ltr' id='par_1_10' title="bbox 167 1050 1377 1201">
     <span class='ocr_line' id='line_1_13' title="bbox 167 1050 1377 1095; baseline 0.001 -11"><span class='ocrx_word' id='word_1_69' title='bbox 167 1050 261 1084; x_wconf 83' lang='lat' dir='ltr'><strong>Tum</strong></span> <span class='ocrx_word' id='word_1_70' title='bbox 281 1051 330 1085; x_wconf 88' lang='lat' dir='ltr'><strong>sic</strong></span> <span class='ocrx_word' id='word_1_71' title='bbox 349 1052 481 1085; x_wconf 84' lang='lat' dir='ltr'><strong>affatur</strong></span> <span class='ocrx_word' id='word_1_72' title='bbox 498 1063 628 1095; x_wconf 82' lang='lat' dir='ltr'><strong>regem,</strong></span> <span class='ocrx_word' id='word_1_73' title='bbox 651 1055 763 1095; x_wconf 86' lang='lat' dir='ltr'><strong>atque</strong></span> <span class='ocrx_word' id='word_1_74' title='bbox 781 1052 834 1084; x_wconf 84' lang='lat' dir='ltr'><strong>ita</strong></span> <span class='ocrx_word' id='word_1_75' title='bbox 851 1051 1022 1085; x_wconf 85' lang='lat' dir='ltr'><strong>turbidus</strong></span> <span class='ocrx_word' id='word_1_76' title='bbox 1040 1051 1122 1085; x_wconf 88' lang='lat' dir='ltr'><strong>infit</strong></span> <span class='ocrx_word' id='word_1_77' title='bbox 1140 1063 1148 1085; x_wconf 80' lang='lat' dir='ltr'><em>z</em></span> <span class='ocrx_word' id='word_1_78' title='bbox 1352 1050 1377 1071; x_wconf 84' lang='lat'><strong>¹⁰</strong></span> 
     </span>
     <span class='ocr_line' id='line_1_14' title="bbox 170 1103 1312 1147; baseline 0.002 -11"><span class='ocrx_word' id='word_1_79' title='bbox 170 1104 196 1122; x_wconf 90' lang='lat'><strong>“</strong></span> <span class='ocrx_word' id='word_1_80' title='bbox 212 1103 328 1138; x_wconf 87' lang='lat' dir='ltr'><strong>Nulla</strong></span> <span class='ocrx_word' id='word_1_81' title='bbox 345 1115 446 1137; x_wconf 89' lang='lat' dir='ltr'><strong>mora</strong></span> <span class='ocrx_word' id='word_1_82' title='bbox 463 1104 502 1137; x_wconf 91' lang='lat' dir='ltr'><strong>in</strong></span> <span class='ocrx_word' id='word_1_83' title='bbox 521 1104 642 1138; x_wconf 89' lang='lat' dir='ltr'><strong>Turno</strong></span> <span class='ocrx_word' id='word_1_84' title='bbox 659 1117 668 1145; x_wconf 82' lang='lat'><em>3</em></span> <span class='ocrx_word' id='word_1_85' title='bbox 696 1104 789 1137; x_wconf 83' lang='lat' dir='ltr'><strong>nihil</strong></span> <span class='ocrx_word' id='word_1_86' title='bbox 807 1107 863 1137; x_wconf 84' lang='lat' dir='ltr'><strong>est</strong></span> <span class='ocrx_word' id='word_1_87' title='bbox 882 1104 981 1147; x_wconf 87' lang='lat' dir='ltr'><strong>quod</strong></span> <span class='ocrx_word' id='word_1_88' title='bbox 999 1104 1097 1137; x_wconf 87' lang='lat' dir='ltr'><strong>dicta</strong></span> <span class='ocrx_word' id='word_1_89' title='bbox 1114 1106 1312 1139; x_wconf 81' lang='lat' dir='ltr'><strong>retractent</strong></span> 
     </span>
     <span class='ocr_line' id='line_1_15' title="bbox 168 1155 1124 1201; baseline 0.001 -12"><span class='ocrx_word' id='word_1_90' title='bbox 168 1155 298 1199; x_wconf 79' lang='lat' dir='ltr'>Ignavi</span> <span class='ocrx_word' id='word_1_91' title='bbox 317 1156 507 1199; x_wconf 84' lang='lat' dir='ltr'><strong>AEneadae,</strong></span> <span class='ocrx_word' id='word_1_92' title='bbox 530 1168 608 1200; x_wconf 87' lang='lat' dir='ltr'><strong>nec,</strong></span> <span class='ocrx_word' id='word_1_93' title='bbox 631 1168 712 1201; x_wconf 85' lang='lat' dir='ltr'><strong>quae</strong></span> <span class='ocrx_word' id='word_1_94' title='bbox 731 1156 909 1200; x_wconf 67' lang='lat' dir='ltr'><strong>pepigere,</strong></span> <span class='ocrx_word' id='word_1_95' title='bbox 932 1159 1100 1190; x_wconf 82' lang='lat' dir='ltr'><strong>recusent</strong></span> <span class='ocrx_word' id='word_1_96' title='bbox 1117 1169 1124 1191; x_wconf 92' lang='lat'>:</span> 
     </span>
    </p>

    <p class='ocr_par' dir='ltr' id='par_1_11' title="bbox 169 1207 1150 1253">
     <span class='ocr_line' id='line_1_16' title="bbox 169 1207 1150 1253; baseline 0.002 -11"><span class='ocrx_word' id='word_1_97' title='bbox 169 1207 389 1252; x_wconf 83' lang='lat' dir='ltr'><strong>Congredior</strong></span> <span class='ocrx_word' id='word_1_98' title='bbox 405 1221 413 1244; x_wconf 78' lang='lat' dir='ltr'><strong><em>z</em></strong></span> <span class='ocrx_word' id='word_1_99' title='bbox 441 1209 496 1243; x_wconf 88' lang='lat' dir='ltr'><strong>fer</strong></span> <span class='ocrx_word' id='word_1_100' title='bbox 513 1220 623 1252; x_wconf 89' lang='lat' dir='ltr'><strong>sacra,</strong></span> <span class='ocrx_word' id='word_1_101' title='bbox 645 1210 762 1253; x_wconf 81' lang='lat' dir='ltr'><strong>pater,</strong></span> <span class='ocrx_word' id='word_1_102' title='bbox 784 1212 821 1242; x_wconf 89' lang='lat' dir='ltr'><strong>et</strong></span> <span class='ocrx_word' id='word_1_103' title='bbox 840 1209 985 1252; x_wconf 85' lang='lat' dir='ltr'><strong>concipe</strong></span> <span class='ocrx_word' id='word_1_104' title='bbox 1004 1209 1124 1242; x_wconf 77' lang='lat' dir='ltr'><strong>foedus</strong></span> <span class='ocrx_word' id='word_1_105' title='bbox 1143 1221 1150 1244; x_wconf 75' lang='grc' dir='ltr'><strong><em>ε</em></strong></span> 
     </span>
    </p>

    <p class='ocr_par' dir='ltr' id='par_1_12' title="bbox 168 1261 1377 1407">
     <span class='ocr_line' id='line_1_17' title="bbox 169 1261 1148 1295; baseline -0.001 0"><span class='ocrx_word' id='word_1_106' title='bbox 169 1262 247 1295; x_wconf 92' lang='lat' dir='ltr'><strong>Aut</strong></span> <span class='ocrx_word' id='word_1_107' title='bbox 266 1261 335 1295; x_wconf 75' lang='lat' dir='ltr'><strong>hac</strong></span> <span class='ocrx_word' id='word_1_108' title='bbox 353 1262 580 1295; x_wconf 85' lang='lat' dir='ltr'><strong>Dardanium</strong></span> <span class='ocrx_word' id='word_1_109' title='bbox 599 1262 730 1295; x_wconf 78' lang='lat' dir='ltr'><strong>dextra</strong></span> <span class='ocrx_word' id='word_1_110' title='bbox 748 1262 815 1294; x_wconf 88' lang='lat' dir='ltr'><strong>sub</strong></span> <span class='ocrx_word' id='word_1_111' title='bbox 834 1262 983 1294; x_wconf 86' lang='lat' dir='ltr'><strong>Tartara</strong></span> <span class='ocrx_word' id='word_1_112' title='bbox 1001 1262 1148 1295; x_wconf 88' lang='lat' dir='ltr'><strong>mittam</strong></span> 
     </span>
     <span class='ocr_line' id='line_1_18' title="bbox 168 1311 1377 1359; baseline 0 -12"><span class='ocrx_word' id='word_1_113' title='bbox 168 1313 398 1348; x_wconf 81' lang='lat' dir='ltr'><strong>Desertorem</strong></span> <span class='ocrx_word' id='word_1_114' title='bbox 416 1315 514 1348; x_wconf 77' lang='lat' dir='ltr'><strong>Asiae</strong></span> <span class='ocrx_word' id='word_1_115' title='bbox 535 1314 711 1359; x_wconf 76' lang='lat' dir='ltr'><strong>(sedeant,</strong></span> <span class='ocrx_word' id='word_1_116' title='bbox 734 1316 970 1358; x_wconf 81' lang='lat' dir='ltr'><strong>spectentque</strong></span> <span class='ocrx_word' id='word_1_117' title='bbox 989 1313 1141 1359; x_wconf 76' lang='lat' dir='ltr'><strong>Latini),</strong></span> <span class='ocrx_word' id='word_1_118' title='bbox 1351 1311 1377 1332; x_wconf 83' lang='lat'><strong>¹⁵</strong></span> 
     </span>
     <span class='ocr_line' id='line_1_19' title="bbox 169 1365 1018 1407; baseline 0 -8"><span class='ocrx_word' id='word_1_119' title='bbox 169 1365 220 1399; x_wconf 88' lang='lat' dir='ltr'><strong>Et</strong></span> <span class='ocrx_word' id='word_1_120' title='bbox 239 1367 336 1400; x_wconf 87' lang='lat' dir='ltr'><strong>solus</strong></span> <span class='ocrx_word' id='word_1_121' title='bbox 354 1367 449 1400; x_wconf 88' lang='lat' dir='ltr'><strong>ferro</strong></span> <span class='ocrx_word' id='word_1_122' title='bbox 469 1367 604 1401; x_wconf 83' lang='lat' dir='ltr'><strong>crimen</strong></span> <span class='ocrx_word' id='word_1_123' title='bbox 623 1378 813 1401; x_wconf 89' lang='lat' dir='ltr'><strong>commune</strong></span> <span class='ocrx_word' id='word_1_124' title='bbox 831 1367 993 1400; x_wconf 81' lang='lat' dir='ltr'><strong>refellam</strong></span> <span class='ocrx_word' id='word_1_125' title='bbox 1010 1379 1018 1407; x_wconf 81' lang='lat'><em>3</em></span> 
     </span>
    </p>

    <p class='ocr_par' dir='ltr' id='par_1_13' title="bbox 170 1417 1056 1462">
     <span class='ocr_line' id='line_1_20' title="bbox 170 1417 1056 1462; baseline 0.001 -10"><span class='ocrx_word' id='word_1_126' title='bbox 170 1420 249 1452; x_wconf 85' lang='lat' dir='ltr'><strong>Aut</strong></span> <span class='ocrx_word' id='word_1_127' title='bbox 267 1419 400 1453; x_wconf 91' lang='lat' dir='ltr'><strong>habeat</strong></span> <span class='ocrx_word' id='word_1_128' title='bbox 418 1420 534 1453; x_wconf 70' lang='lat' dir='ltr'><strong>victos</strong></span> <span class='ocrx_word' id='word_1_129' title='bbox 552 1432 558 1454; x_wconf 94' lang='lat'>:</span> <span class='ocrx_word' id='word_1_130' title='bbox 588 1420 692 1453; x_wconf 90' lang='lat' dir='ltr'><strong>cedat</strong></span> <span class='ocrx_word' id='word_1_131' title='bbox 712 1419 864 1453; x_wconf 83' lang='lat' dir='ltr'><strong>Lavinia</strong></span> <span class='ocrx_word' id='word_1_132' title='bbox 883 1417 1056 1462; x_wconf 83' lang='lat' dir='ltr'><strong>conjux.&#39;&#39;</strong></span> 
     </span>
    </p>

    <p class='ocr_par' dir='ltr' id='par_1_14' title="bbox 171 1471 916 1516">
     <span class='ocr_line' id='line_1_21' title="bbox 171 1471 916 1516; baseline 0.003 -12"><span class='ocrx_word' id='word_1_133' title='bbox 171 1471 244 1505; x_wconf 90' lang='lat' dir='ltr'><strong>Olli</strong></span> <span class='ocrx_word' id='word_1_134' title='bbox 263 1471 387 1505; x_wconf 84' lang='lat' dir='ltr'><strong>sedato</strong></span> <span class='ocrx_word' id='word_1_135' title='bbox 405 1472 593 1516; x_wconf 77' lang='lat' dir='ltr'><strong>respondit</strong></span> <span class='ocrx_word' id='word_1_136' title='bbox 612 1472 718 1506; x_wconf 89' lang='lat' dir='ltr'><strong>corde</strong></span> <span class='ocrx_word' id='word_1_137' title='bbox 738 1472 892 1505; x_wconf 85' lang='lat' dir='ltr'><strong>Latinus</strong></span> <span class='ocrx_word' id='word_1_138' title='bbox 908 1484 916 1506; x_wconf 75' lang='grc' dir='ltr'><strong><em>ι</em></strong></span> 
     </span>
    </p>

    <p class='ocr_par' dir='ltr' id='par_1_15' title="bbox 172 1523 1171 1569">
     <span class='ocr_line' id='line_1_22' title="bbox 172 1523 1171 1569; baseline 0.001 -12"><span class='ocrx_word' id='word_1_139' title='bbox 172 1525 199 1542; x_wconf 86' lang='grc'>“</span> <span class='ocrx_word' id='word_1_140' title='bbox 215 1523 245 1557; x_wconf 95' lang='lat' dir='ltr'>O</span> <span class='ocrx_word' id='word_1_141' title='bbox 263 1527 440 1568; x_wconf 71' lang='lat' dir='ltr'><strong>praestans</strong></span> <span class='ocrx_word' id='word_1_142' title='bbox 458 1524 571 1557; x_wconf 86' lang='lat' dir='ltr'><strong>animi</strong></span> <span class='ocrx_word' id='word_1_143' title='bbox 585 1524 744 1568; x_wconf 83' lang='lat' dir='ltr'><strong>juvenis,</strong></span> <span class='ocrx_word' id='word_1_144' title='bbox 767 1527 948 1569; x_wconf 84' lang='lat' dir='ltr'><strong>quantum</strong></span> <span class='ocrx_word' id='word_1_145' title='bbox 966 1524 1042 1568; x_wconf 88' lang='lat' dir='ltr'><strong>ipse</strong></span> <span class='ocrx_word' id='word_1_146' title='bbox 1060 1524 1171 1558; x_wconf 87' lang='lat' dir='ltr'><strong>feroci</strong></span> 
     </span>
    </p>

    <p class='ocr_par' dir='ltr' id='par_1_16' title="bbox 170 1575 1379 1673">
     <span class='ocr_line' id='line_1_23' title="bbox 170 1575 1379 1621; baseline 0.002 -13"><span class='ocrx_word' id='word_1_147' title='bbox 170 1576 320 1610; x_wconf 79' lang='lat' dir='ltr'><strong>Virtute</strong></span> <span class='ocrx_word' id='word_1_148' title='bbox 339 1588 545 1620; x_wconf 83' lang='lat' dir='ltr'><strong>exsuperas,</strong></span> <span class='ocrx_word' id='word_1_149' title='bbox 566 1580 670 1610; x_wconf 84' lang='lat' dir='ltr'><strong>tanto</strong></span> <span class='ocrx_word' id='word_1_150' title='bbox 689 1589 746 1610; x_wconf 90' lang='lat' dir='ltr'><strong>me</strong></span> <span class='ocrx_word' id='word_1_151' title='bbox 766 1577 963 1621; x_wconf 83' lang='lat' dir='ltr'><strong>impensius</strong></span> <span class='ocrx_word' id='word_1_152' title='bbox 981 1588 1129 1621; x_wconf 83' lang='lat' dir='ltr'><strong>aequum</strong></span> <span class='ocrx_word' id='word_1_153' title='bbox 1148 1579 1202 1610; x_wconf 80' lang='lat' dir='ltr'><strong>est</strong></span> <span class='ocrx_word' id='word_1_154' title='bbox 1351 1575 1379 1595; x_wconf 72' lang='lat'><strong>“³⁰</strong></span> 
     </span>
     <span class='ocr_line' id='line_1_24' title="bbox 170 1628 1252 1673; baseline 0.001 -11"><span class='ocrx_word' id='word_1_155' title='bbox 170 1628 378 1672; x_wconf 82' lang='lat' dir='ltr'><strong>Consulere,</strong></span> <span class='ocrx_word' id='word_1_156' title='bbox 400 1633 439 1663; x_wconf 83' lang='lat' dir='ltr'><strong>at</strong></span> <span class='ocrx_word' id='word_1_157' title='bbox 455 1642 511 1673; x_wconf 54' lang='lat' dir='ltr'><strong>{ue</strong></span> <span class='ocrx_word' id='word_1_158' title='bbox 531 1641 655 1663; x_wconf 88' lang='lat' dir='ltr'><strong>omnes</strong></span> <span class='ocrx_word' id='word_1_159' title='bbox 673 1633 899 1663; x_wconf 83' lang='lat' dir='ltr'><strong>metuentem</strong></span> <span class='ocrx_word' id='word_1_160' title='bbox 918 1629 1121 1673; x_wconf 83' lang='lat' dir='ltr'><strong>expendere</strong></span> <span class='ocrx_word' id='word_1_161' title='bbox 1141 1641 1252 1664; x_wconf 81' lang='lat' dir='ltr'><strong>casus.</strong></span> 
     </span>
    </p>

    <p class='ocr_par' dir='ltr' id='par_1_17' title="bbox 172 1680 1149 1726">
     <span class='ocr_line' id='line_1_25' title="bbox 172 1680 1149 1726; baseline 0.001 -12"><span class='ocrx_word' id='word_1_162' title='bbox 172 1680 266 1715; x_wconf 86' lang='lat' dir='ltr'><strong>Sunt</strong></span> <span class='ocrx_word' id='word_1_163' title='bbox 284 1682 353 1715; x_wconf 86' lang='lat' dir='ltr'><strong>tibi</strong></span> <span class='ocrx_word' id='word_1_164' title='bbox 370 1694 481 1726; x_wconf 85' lang='lat' dir='ltr'><strong>regna</strong></span> <span class='ocrx_word' id='word_1_165' title='bbox 499 1682 612 1726; x_wconf 87' lang='lat' dir='ltr'><strong>patris</strong></span> <span class='ocrx_word' id='word_1_166' title='bbox 631 1683 765 1725; x_wconf 79' lang='lat' dir='ltr'><strong>Dauni,</strong></span> <span class='ocrx_word' id='word_1_167' title='bbox 787 1685 874 1716; x_wconf 87' lang='lat' dir='ltr'><strong>sunt</strong></span> <span class='ocrx_word' id='word_1_168' title='bbox 893 1682 1025 1726; x_wconf 88' lang='lat' dir='ltr'><strong>oppida</strong></span> <span class='ocrx_word' id='word_1_169' title='bbox 1044 1685 1149 1725; x_wconf 86' lang='lat' dir='ltr'><strong>capta</strong></span> 
     </span>
    </p>

    <p class='ocr_par' dir='ltr' id='par_1_18' title="bbox 171 1734 1334 1831">
     <span class='ocr_line' id='line_1_26' title="bbox 171 1734 1334 1779; baseline 0 -12"><span class='ocrx_word' id='word_1_170' title='bbox 171 1734 296 1767; x_wconf 84' lang='lat' dir='ltr'><strong>Multa</strong></span> <span class='ocrx_word' id='word_1_171' title='bbox 314 1746 425 1768; x_wconf 84' lang='lat' dir='ltr'><strong>manu</strong></span> <span class='ocrx_word' id='word_1_172' title='bbox 441 1748 450 1776; x_wconf 82' lang='lat'><em>3</em></span> <span class='ocrx_word' id='word_1_173' title='bbox 478 1747 545 1769; x_wconf 90' lang='lat' dir='ltr'><strong>nec</strong></span> <span class='ocrx_word' id='word_1_174' title='bbox 563 1747 637 1768; x_wconf 89' lang='lat' dir='ltr'><strong>non</strong></span> <span class='ocrx_word' id='word_1_175' title='bbox 655 1746 855 1779; x_wconf 77' lang='lat' dir='ltr'><strong>aurumque</strong></span> <span class='ocrx_word' id='word_1_176' title='bbox 874 1735 1089 1777; x_wconf 84' lang='lat' dir='ltr'><strong>animusque</strong></span> <span class='ocrx_word' id='word_1_177' title='bbox 1109 1734 1240 1768; x_wconf 85' lang='lat' dir='ltr'><strong>Latino</strong></span> <span class='ocrx_word' id='word_1_178' title='bbox 1259 1737 1334 1777; x_wconf 82' lang='lat' dir='ltr'><strong>est3</strong></span> 
     </span>
     <span class='ocr_line' id='line_1_27' title="bbox 172 1786 1117 1831; baseline -0.001 -11"><span class='ocrx_word' id='word_1_179' title='bbox 172 1786 267 1820; x_wconf 83' lang='lat' dir='ltr'><strong>Sunt</strong></span> <span class='ocrx_word' id='word_1_180' title='bbox 285 1787 365 1820; x_wconf 80' lang='lat' dir='ltr'><strong>afiae</strong></span> <span class='ocrx_word' id='word_1_181' title='bbox 384 1787 550 1831; x_wconf 68' lang='lat' dir='ltr'><strong>innuptae</strong></span> <span class='ocrx_word' id='word_1_182' title='bbox 570 1788 675 1821; x_wconf 81' lang='lat' dir='ltr'><strong>Latio</strong></span> <span class='ocrx_word' id='word_1_183' title='bbox 694 1791 731 1821; x_wconf 89' lang='lat' dir='ltr'><strong>et</strong></span> <span class='ocrx_word' id='word_1_184' title='bbox 750 1787 992 1821; x_wconf 85' lang='lat' dir='ltr'><strong>Laurentibus</strong></span> <span class='ocrx_word' id='word_1_185' title='bbox 1011 1787 1117 1830; x_wconf 78' lang='lat' dir='ltr'><strong>agriS,</strong></span> 
     </span>
    </p>

    <p class='ocr_par' dir='ltr' id='par_1_19' title="bbox 171 1837 1232 1935">
     <span class='ocr_line' id='line_1_28' title="bbox 171 1837 1232 1882; baseline 0.001 -10"><span class='ocrx_word' id='word_1_186' title='bbox 171 1839 252 1872; x_wconf 87' lang='lat' dir='ltr'><strong>Nec</strong></span> <span class='ocrx_word' id='word_1_187' title='bbox 269 1851 383 1882; x_wconf 86' lang='lat' dir='ltr'><strong>genus</strong></span> <span class='ocrx_word' id='word_1_188' title='bbox 400 1840 595 1874; x_wconf 86' lang='lat' dir='ltr'><strong>indecores.</strong></span> <span class='ocrx_word' id='word_1_189' title='bbox 629 1840 714 1873; x_wconf 84' lang='lat' dir='ltr'><strong>Sine</strong></span> <span class='ocrx_word' id='word_1_190' title='bbox 732 1852 790 1873; x_wconf 91' lang='lat' dir='ltr'><strong>me</strong></span> <span class='ocrx_word' id='word_1_191' title='bbox 804 1840 882 1873; x_wconf 81' lang='lat' dir='ltr'><strong>haec</strong></span> <span class='ocrx_word' id='word_1_192' title='bbox 896 1839 995 1872; x_wconf 88' lang='lat' dir='ltr'><strong>haud</strong></span> <span class='ocrx_word' id='word_1_193' title='bbox 1010 1837 1135 1872; x_wconf 86' lang='lat' dir='ltr'><strong>mollia</strong></span> <span class='ocrx_word' id='word_1_194' title='bbox 1151 1839 1232 1873; x_wconf 82' lang='lat' dir='ltr'><strong>fatu</strong></span> 
     </span>
     <span class='ocr_line' id='line_1_29' title="bbox 173 1891 1142 1935; baseline 0 -11"><span class='ocrx_word' id='word_1_195' title='bbox 173 1891 333 1925; x_wconf 84' lang='lat' dir='ltr'><strong>Sublatis</strong></span> <span class='ocrx_word' id='word_1_196' title='bbox 353 1892 490 1935; x_wconf 88' lang='lat' dir='ltr'><strong>aperire</strong></span> <span class='ocrx_word' id='word_1_197' title='bbox 510 1893 623 1933; x_wconf 79' lang='lat' dir='ltr'><strong>dolis3</strong></span> <span class='ocrx_word' id='word_1_198' title='bbox 652 1893 759 1926; x_wconf 87' lang='lat' dir='ltr'><strong>simul</strong></span> <span class='ocrx_word' id='word_1_199' title='bbox 777 1892 855 1926; x_wconf 84' lang='lat' dir='ltr'><strong>haec</strong></span> <span class='ocrx_word' id='word_1_200' title='bbox 875 1892 995 1925; x_wconf 86' lang='lat' dir='ltr'><strong>animo</strong></span> <span class='ocrx_word' id='word_1_201' title='bbox 1013 1891 1119 1924; x_wconf 80' lang='lat' dir='ltr'><strong>hauri</strong></span> <span class='ocrx_word' id='word_1_202' title='bbox 1135 1904 1142 1925; x_wconf 79' lang='lat' dir='ltr'><em>z</em></span> 
     </span>
    </p>

    <p class='ocr_par' dir='ltr' id='par_1_20' title="bbox 173 1944 1038 1988">
     <span class='ocr_line' id='line_1_30' title="bbox 173 1944 1038 1988; baseline 0 -11"><span class='ocrx_word' id='word_1_203' title='bbox 173 1944 236 1977; x_wconf 93' lang='lat' dir='ltr'><strong>Me</strong></span> <span class='ocrx_word' id='word_1_204' title='bbox 256 1946 381 1978; x_wconf 82' lang='lat' dir='ltr'><strong>natam</strong></span> <span class='ocrx_word' id='word_1_205' title='bbox 400 1945 494 1978; x_wconf 86' lang='lat' dir='ltr'><strong>nulli</strong></span> <span class='ocrx_word' id='word_1_206' title='bbox 511 1948 677 1978; x_wconf 82' lang='lat' dir='ltr'><strong>veterum</strong></span> <span class='ocrx_word' id='word_1_207' title='bbox 697 1946 829 1979; x_wconf 85' lang='lat' dir='ltr'><strong>sociare</strong></span> <span class='ocrx_word' id='word_1_208' title='bbox 848 1956 1038 1988; x_wconf 85' lang='lat' dir='ltr'><strong>procorum</strong></span> 
     </span>
    </p>

    <p class='ocr_par' dir='ltr' id='par_1_21' title="bbox 175 1997 1268 2094">
     <span class='ocr_line' id='line_1_31' title="bbox 175 1997 1268 2042; baseline 0.001 -12"><span class='ocrx_word' id='word_1_209' title='bbox 175 1997 243 2031; x_wconf 89' lang='lat' dir='ltr'><strong>Fas</strong></span> <span class='ocrx_word' id='word_1_210' title='bbox 262 2000 351 2040; x_wconf 87' lang='lat' dir='ltr'><strong>erat,</strong></span> <span class='ocrx_word' id='word_1_211' title='bbox 374 1997 484 2041; x_wconf 89' lang='lat' dir='ltr'><strong>idque</strong></span> <span class='ocrx_word' id='word_1_212' title='bbox 504 2009 629 2031; x_wconf 85' lang='lat' dir='ltr'><strong>omnes</strong></span> <span class='ocrx_word' id='word_1_213' title='bbox 647 1998 805 2042; x_wconf 85' lang='lat' dir='ltr'><strong>Divique</strong></span> <span class='ocrx_word' id='word_1_214' title='bbox 824 1997 1060 2040; x_wconf 85' lang='lat' dir='ltr'><strong>hominesque</strong></span> <span class='ocrx_word' id='word_1_215' title='bbox 1080 1997 1268 2031; x_wconf 86' lang='lat' dir='ltr'><strong>canebant.</strong></span> 
     </span>
     <span class='ocr_line' id='line_1_32' title="bbox 177 2049 1048 2094; baseline 0 -12"><span class='ocrx_word' id='word_1_216' title='bbox 177 2049 305 2083; x_wconf 87' lang='lat' dir='ltr'><strong>Victus</strong></span> <span class='ocrx_word' id='word_1_217' title='bbox 323 2061 443 2084; x_wconf 89' lang='lat' dir='ltr'><strong>amore</strong></span> <span class='ocrx_word' id='word_1_218' title='bbox 462 2050 531 2093; x_wconf 83' lang='lat' dir='ltr'><strong>tui,</strong></span> <span class='ocrx_word' id='word_1_219' title='bbox 553 2053 706 2094; x_wconf 81' lang='lat' dir='ltr'><strong>cognato</strong></span> <span class='ocrx_word' id='word_1_220' title='bbox 725 2050 899 2094; x_wconf 85' lang='lat' dir='ltr'><strong>sanguine</strong></span> <span class='ocrx_word' id='word_1_221' title='bbox 921 2050 1048 2092; x_wconf 84' lang='lat' dir='ltr'><strong>victus,</strong></span> 
     </span>
    </p>

    <p class='ocr_par' dir='ltr' id='par_1_22' title="bbox 174 2098 1382 2199">
     <span class='ocr_line' id='line_1_33' title="bbox 175 2098 1382 2148; baseline -0.001 -12"><span class='ocrx_word' id='word_1_222' title='bbox 175 2102 348 2146; x_wconf 80' lang='lat' dir='ltr'><strong>conjugis</strong></span> <span class='ocrx_word' id='word_1_223' title='bbox 367 2105 404 2136; x_wconf 88' lang='lat' dir='ltr'><strong>et</strong></span> <span class='ocrx_word' id='word_1_224' title='bbox 423 2107 563 2136; x_wconf 78' lang='lat' dir='ltr'><strong>moestae</strong></span> <span class='ocrx_word' id='word_1_225' title='bbox 581 2104 761 2148; x_wconf 74' lang='lat' dir='ltr'><strong>lacryiniS‚</strong></span> <span class='ocrx_word' id='word_1_226' title='bbox 783 2103 902 2136; x_wconf 85' lang='lat' dir='ltr'><strong>vincla</strong></span> <span class='ocrx_word' id='word_1_227' title='bbox 921 2103 1042 2135; x_wconf 88' lang='lat' dir='ltr'><strong>omnia</strong></span> <span class='ocrx_word' id='word_1_228' title='bbox 1059 2102 1154 2146; x_wconf 86' lang='lat' dir='ltr'><strong>rupi,</strong></span> <span class='ocrx_word' id='word_1_229' title='bbox 1355 2098 1382 2119; x_wconf 81' lang='lat'><strong>³⁰</strong></span> 
     </span>
     <span class='ocr_line' id='line_1_34' title="bbox 174 2155 1109 2199; baseline 0 -11"><span class='ocrx_word' id='word_1_230' title='bbox 174 2155 395 2189; x_wconf 86' lang='lat' dir='ltr'><strong>Promissam</strong></span> <span class='ocrx_word' id='word_1_231' title='bbox 414 2156 531 2199; x_wconf 90' lang='lat' dir='ltr'><strong>eripui</strong></span> <span class='ocrx_word' id='word_1_232' title='bbox 548 2168 692 2199; x_wconf 83' lang='lat' dir='ltr'><strong>genero,</strong></span> <span class='ocrx_word' id='word_1_233' title='bbox 714 2167 814 2190; x_wconf 85' lang='lat' dir='ltr'><strong>arma</strong></span> <span class='ocrx_word' id='word_1_234' title='bbox 832 2155 944 2199; x_wconf 87' lang='lat' dir='ltr'><strong>impia</strong></span> <span class='ocrx_word' id='word_1_235' title='bbox 963 2155 1109 2198; x_wconf 84' lang='lat' dir='ltr'><strong>sumpsi.</strong></span> 
     </span>
    </p>

    <p class='ocr_par' dir='ltr' id='par_1_23' title="bbox 174 2207 1105 2252">
     <span class='ocr_line' id='line_1_35' title="bbox 174 2207 1105 2252; baseline 0.001 -11"><span class='ocrx_word' id='word_1_236' title='bbox 174 2207 232 2241; x_wconf 78' lang='lat' dir='ltr'><strong>Ex</strong></span> <span class='ocrx_word' id='word_1_237' title='bbox 251 2207 314 2241; x_wconf 90' lang='lat' dir='ltr'><strong>illo</strong></span> <span class='ocrx_word' id='word_1_238' title='bbox 334 2208 398 2252; x_wconf 89' lang='lat' dir='ltr'><strong>qui</strong></span> <span class='ocrx_word' id='word_1_239' title='bbox 416 2219 474 2242; x_wconf 88' lang='lat' dir='ltr'><strong>me</strong></span> <span class='ocrx_word' id='word_1_240' title='bbox 494 2220 608 2252; x_wconf 89' lang='lat' dir='ltr'><strong>casus,</strong></span> <span class='ocrx_word' id='word_1_241' title='bbox 631 2220 726 2252; x_wconf 85' lang='lat' dir='ltr'><strong>quae,</strong></span> <span class='ocrx_word' id='word_1_242' title='bbox 749 2209 881 2248; x_wconf 83' lang='lat' dir='ltr'><strong>Turne,</strong></span> <span class='ocrx_word' id='word_1_243' title='bbox 904 2211 1105 2252; x_wconf 82' lang='lat' dir='ltr'><strong>sequantur</strong></span> 
     </span>
    </p>

    <p class='ocr_par' dir='ltr' id='par_1_24' title="bbox 172 2260 1098 2305">
     <span class='ocr_line' id='line_1_36' title="bbox 172 2260 1098 2305; baseline 0.002 -12"><span class='ocrx_word' id='word_1_244' title='bbox 172 2260 288 2303; x_wconf 85' lang='lat' dir='ltr'><strong>Bella,</strong></span> <span class='ocrx_word' id='word_1_245' title='bbox 311 2260 433 2303; x_wconf 79' lang='lat' dir='ltr'><strong>vides3</strong></span> <span class='ocrx_word' id='word_1_246' title='bbox 463 2264 619 2304; x_wconf 86' lang='lat' dir='ltr'><strong>quantos</strong></span> <span class='ocrx_word' id='word_1_247' title='bbox 637 2262 774 2305; x_wconf 87' lang='lat' dir='ltr'><strong>primus</strong></span> <span class='ocrx_word' id='word_1_248' title='bbox 793 2261 930 2305; x_wconf 87' lang='lat' dir='ltr'><strong>patiare</strong></span> <span class='ocrx_word' id='word_1_249' title='bbox 949 2261 1098 2295; x_wconf 89' lang='lat' dir='ltr'><strong>labores.</strong></span> 
     </span>
    </p>

    <p class='ocr_par' dir='ltr' id='par_1_25' title="bbox 175 2312 991 2358">
     <span class='ocr_line' id='line_1_37' title="bbox 175 2312 991 2358; baseline 0.002 -13"><span class='ocrx_word' id='word_1_250' title='bbox 175 2312 238 2345; x_wconf 79' lang='lat' dir='ltr'><strong>Bis</strong></span> <span class='ocrx_word' id='word_1_251' title='bbox 257 2316 386 2356; x_wconf 76' lang='lat' dir='ltr'><strong>magna</strong></span> <span class='ocrx_word' id='word_1_252' title='bbox 406 2314 493 2347; x_wconf 81' lang='lat' dir='ltr'><strong>victi</strong></span> <span class='ocrx_word' id='word_1_253' title='bbox 511 2317 635 2358; x_wconf 77' lang='lat' dir='ltr'><strong>pugna</strong></span> <span class='ocrx_word' id='word_1_254' title='bbox 654 2314 717 2347; x_wconf 73' lang='lat' dir='ltr'><strong>vix</strong></span> <span class='ocrx_word' id='word_1_255' title='bbox 735 2314 824 2347; x_wconf 87' lang='lat' dir='ltr'><strong>urbe</strong></span> <span class='ocrx_word' id='word_1_256' title='bbox 843 2316 991 2347; x_wconf 74' lang='lat' dir='ltr'><strong>tuemur</strong></span> 
     </span>
    </p>
   </div>
   <div class='ocr_carea' id='block_1_4' title="bbox 175 2356 1384 2408">
    <p class='ocr_par' dir='ltr' id='par_1_26' title="bbox 175 2356 1384 2408">
     <span class='ocr_line' id='line_1_38' title="bbox 175 2356 1384 2408; baseline 0.003 -11"><span class='ocrx_word' id='word_1_257' title='bbox 175 2364 264 2408; x_wconf 80' lang='lat' dir='ltr'><strong>Spes</strong></span> <span class='ocrx_word' id='word_1_258' title='bbox 285 2365 417 2400; x_wconf 82' lang='lat' dir='ltr'><strong>Italas:</strong></span> <span class='ocrx_word' id='word_1_259' title='bbox 446 2367 605 2400; x_wconf 84' lang='lat' dir='ltr'><strong>recalent</strong></span> <span class='ocrx_word' id='word_1_260' title='bbox 623 2370 746 2400; x_wconf 76' lang='lat' dir='ltr'><strong>nostro</strong></span> <span class='ocrx_word' id='word_1_261' title='bbox 764 2366 932 2400; x_wconf 80' lang='lat' dir='ltr'><strong>Tiberina</strong></span> <span class='ocrx_word' id='word_1_262' title='bbox 950 2367 1088 2400; x_wconf 86' lang='lat' dir='ltr'><strong>fluenta</strong></span> <span class='ocrx_word' id='word_1_263' title='bbox 1358 2356 1384 2375; x_wconf 67' lang='lat'><strong>³³⁵</strong></span> 
     </span>
    </p>
   </div>
  </div>
 </body>
</html>
