1559 2584
131 123 183 162 32

606 137 788 164 VIRGILII
817 137 972 165 AENEIS.

233 224 286 258 Ni
304 236 372 268 me,
398 236 480 268 qam
501 225 650 268 Salium,
674 226 824 259 fortuna
842 225 989 260 inimica
1007 225 1154 261 tulisset
1174 226 1217 262 ?''

233 277 284 311 Et
303 278 411 312 simul
429 278 487 311 his
506 279 613 312 dictis
632 278 760 312 faciem
780 280 999 322 ostentabat,
1024 282 1061 313 et
1080 281 1154 314 udo

233 331 367 375 Turpia
385 331 548 365 membra
565 331 660 366 fimo.
721 331 820 365 Risit
837 334 941 375 pater
959 333 1118 376 optimus
1137 333 1212 377 olli,

231 383 282 417 Et
301 385 469 429 clypeum
488 384 606 418 efferri
619 384 744 429 jussit,
766 385 1008 429 Didymaonis
1025 388 1134 430 artes,

232 436 402 482 Neptuni
420 449 520 472 sacro
538 438 675 472 Danais
694 438 740 472 de
758 441 861 482 poste
880 438 1045 473 refixum.

231 489 315 524 Hoc
328 491 505 536 juvenem
524 492 707 535 egregium
727 491 917 535 praestanti
935 503 1085 525 munere
1104 492 1226 527 donat.

285 543 387 588 Post,
409 544 473 578 ubi
493 544 648 578 confecti
667 556 805 588 cursus,
828 547 865 578 et
885 545 981 578 dona
999 545 1139 589 peregit
1160 558 1166 579 :

235 598 260 615 “
272 597 396 641 Nunc,
421 597 451 631 si
470 597 529 631 cui
547 597 664 631 virtus
683 598 900 642 animusque
918 598 957 631 in
975 601 1120 641 pectore
1139 610 1309 643 praesens,

231 650 355 694 Adsit,
379 653 416 684 et
435 650 587 685 evinctis
607 651 754 685 attollat
772 651 919 685 brachia
937 651 1075 694 palmis.
1083 651 1104 668 ''

232 703 290 737 Sic
308 704 371 747 ait,
394 707 431 738 et
450 704 636 748 geminum
655 716 787 748 pugnae
805 704 976 748 proponit
994 704 1170 738 honorem
1190 717 1197 739 :

231 756 375 791 Victori
394 758 556 791 velatum
575 769 662 791 auro
681 757 858 802 vittisque
873 758 1074 802 juvencum
1092 771 1099 799 3

230 810 366 844 Ensem
385 813 495 855 atque
514 811 692 855 insignem
711 811 864 855 galeam,
887 811 1016 845 solatia
1036 811 1146 846 victo.

230 863 269 897 N
271 876 311 897 ec
329 875 429 898 mora
446 877 454 899 ;
483 864 655 898 continuo
674 864 787 898 vastis
806 876 888 898 cum
907 864 1045 898 viribus
1064 865 1168 898 effert

230 916 303 951 Ora
321 917 446 960 Dares,
470 929 674 962 magnoque
693 918 813 951 virum
833 929 870 951 se
888 929 1074 951 murmure
1093 918 1191 951 tollit
1209 931 1216 952 z

231 970 336 1004 Solus
356 971 419 1014 qui
439 970 610 1004 Paridem
630 971 759 1004 solitus
778 971 996 1004 contendere
1017 974 1143 1004 contra
1161 984 1168 1012 ;

230 1022 407 1068 Idemque
426 1023 472 1057 ad
491 1024 690 1067 tumulum,
713 1035 786 1068 quo
804 1024 985 1057 maximus
1005 1024 1157 1058 occubat
1177 1024 1328 1068 Hector,

229 1075 419 1110 Victorem
442 1077 562 1110 Buten
580 1077 731 1110 immani
751 1088 909 1120 corpore,
933 1077 996 1121 qui
1015 1088 1052 1110 se

230 1128 409 1174 Bebrycia
427 1130 577 1163 veniens
596 1130 727 1174 Amyci
746 1130 790 1163 de
810 1132 918 1174 gente
938 1130 1089 1173 ferebat,

230 1182 404 1225 Perculit,
428 1186 464 1216 et
483 1183 586 1216 fulva
605 1183 866 1217 moribundum
886 1183 1051 1216 extendit
1070 1180 1187 1218 arensi.

229 1235 326 1270 Talis
345 1236 462 1280 prima
482 1236 595 1270 Dares
615 1239 724 1280 caput
743 1237 860 1270 altum
878 1236 917 1269 in
936 1236 1061 1280 praelia
1075 1237 1185 1280 tollit,

231 1289 479 1333 Ostenditque
499 1290 670 1323 humeros
689 1290 793 1333 latos,
817 1290 1028 1333 alternaque
1043 1289 1161 1332 jactat

229 1342 386 1376 Brachia
405 1343 637 1387 protendens,
662 1346 700 1377 et
718 1343 886 1377 verberat
905 1343 1038 1377 ictibus
1056 1355 1171 1377 auras,

232 1396 419 1437 Quaeritur
438 1396 522 1430 huic
541 1397 633 1430 alius
650 1409 656 1431 :
687 1408 754 1430 nec
773 1397 967 1441 quisquam
988 1408 1033 1429 ex
1054 1396 1197 1440 agmine
1218 1399 1326 1431 tanto

228 1450 354 1484 Audet
373 1450 473 1484 adire
493 1449 622 1493 virum,
647 1450 888 1493 manibusque
907 1449 1078 1483 inducere
1098 1452 1237 1484 caestus.

227 1502 325 1547 Ergo
345 1503 483 1546 alacris,
506 1506 728 1547 cunctosque
747 1506 881 1547 putans
900 1502 1074 1536 excedere
1093 1503 1224 1547 palma,

229 1556 358 1590 AEneae
377 1556 482 1590 stetit
500 1559 585 1590 ante
605 1556 714 1600 pedes
734 1569 742 1597 ;
771 1567 838 1589 1100
856 1556 961 1600 plura
979 1558 1153 1599 moratus,

227 1609 321 1643 Tum
340 1610 434 1643 laeva
453 1612 600 1643 taurum
620 1621 731 1643 cornu
750 1612 865 1652 tenet,
888 1611 999 1652 atque
1019 1609 1072 1642 ita
1089 1609 1190 1642 fatur
1209 1621 1217 1645 z

232 1664 256 1681 “
273 1663 371 1697 Nate
389 1663 480 1706 Dea,
503 1662 533 1696 si
551 1674 659 1696 1101110
677 1663 789 1696 auda
809 1674 845 1696 se
865 1662 1008 1696 credere
1027 1674 1172 1706 pugnae,

228 1715 319 1757 Quae
339 1716 422 1749 finis
441 1716 564 1750 standi
580 1716 591 1749 2
621 1727 693 1760 quo
712 1727 770 1749 me
790 1715 894 1749 decet
913 1726 1029 1760 usque
1047 1715 1164 1749 teneri
1180 1715 1192 1749 2

225 1769 368 1803 Ducere
388 1769 484 1803 dona
499 1768 626 1813 jube.⁷'
682 1768 814 1802 Cuncti
834 1769 942 1802 simul
962 1780 1021 1801 ore
1041 1769 1244 1803 fremebant

226 1821 461 1866 Dardanidae,
484 1822 660 1866 reddique
680 1822 758 1856 viro
777 1822 953 1866 promissa
967 1821 1161 1866 jubebant.

226 1875 299 1909 Hic
318 1876 437 1920 gravis
457 1875 647 1909 Entellum
666 1875 773 1909 dictis
793 1875 944 1919 castigat
957 1875 1118 1919 Acestes,

224 1928 422 1963 Proximus
440 1932 483 1963 ut
503 1929 685 1963 viridante
705 1931 786 1962 toro
805 1929 1015 1962 consederat
1034 1928 1155 1962 herbae
1176 1941 1183 1963 :

228 1984 255 2001 “
270 1982 428 2026 Entelle‚
450 1982 602 2016 heroum
623 1982 808 2026 quondam
827 1982 1023 2015 fortissime
1044 1982 1192 2025 frustra,

223 2034 388 2069 Tantane
407 2038 484 2069 tam
498 2036 641 2080 patiens
661 2035 763 2069 1111111
782 2035 979 2069 certamine
997 2035 1079 2069 tolli

224 2088 332 2122 Dona
351 2090 446 2122 sines
464 2089 476 2122 ἶ)
502 2089 567 2123 11111
586 2100 683 2122 1111110
703 2088 808 2122 nobis
827 2088 927 2122 Deus
946 2089 1019 2131 1110,
1042 2088 1212 2132 magister

224 2139 262 2175 N
265 2142 481 2186 equicquam
499 2144 731 2185 memoratus,
755 2142 883 2186 Eryx?
910 2142 975 2176 ubi
993 2141 1089 2175 fama
1107 2153 1171 2185 per
1189 2153 1333 2176 0111110111

224 2195 457 2238 Trinacriam,
481 2198 518 2230 et
538 2195 651 2240 spolia
669 2195 732 2229 illa
750 2196 826 2229 tuis
845 2195 1044 2240 pendentia
1063 2195 1170 2228 tectis
1186 2195 1197 2228 2
1212 2195 1231 2211 '’

223 2247 292 2281 Ille
313 2248 380 2281 sub
399 2248 477 2282 11ῑο0
497 2262 503 2283 :
539 2251 561 2267 ‘⁶
576 2249 664 2282 Non
683 2248 802 2282 laudis
821 2260 931 2291 amor,
956 2260 1022 2282 nec
1041 2248 1154 2292 gloria
1173 2248 1279 2282 cessit

224 2300 336 2335 Pulsa
356 2304 457 2335 metu
477 2315 485 2342 ;
515 2301 577 2335 sed
598 2302 695 2335 0111111
714 2302 854 2346 gelidus
873 2301 1043 2335 tardante
1064 2303 1210 2335 senecta

223 2354 377 2398 Sanguis
395 2354 517 2398 hebet,
539 2355 748 2399 frigentque
767 2356 900 2388 effoetze
919 2354 956 2387 in
977 2366 1123 2398 corpore
1144 2354 1246 2388 vires

222 2406 261 2441 Si
279 2407 381 2452 mihi,
404 2419 486 2453 quae
506 2408 691 2452 quondam
710 2408 842 2452 fuerat,
866 2410 1012 2453 quaque
1032 2407 1217 2452 improbus
1236 2408 1305 2444 iste

1405 439 1448 460 36⁰

1405 703 1448 724 365

1403 970 1445 992 ³50

1402 1502 1444 1522 350

1401 1768 1443 1789 385

1400 2034 1442 2055 39⁰

1398 2300 1438 2321 :195
