1559 2584
89 96 143 135 62

563 104 751 134 VIRGILII
781 102 937 134 AENEIS.

195 191 386 236 Proderet,
408 205 449 227 ac
466 195 589 227 totum
604 194 671 227 sub
690 194 786 238 leges
804 192 968 228 mitteret
987 190 1120 229 orbem.

197 248 236 281 Si
254 247 356 280 nulla
374 246 540 280 accendit
558 249 745 280 tantarum
764 246 878 291 gloria
895 257 1017 280 rerum

196 300 235 334 N
238 312 277 334 ec
296 311 403 344 super
420 299 496 343 ipse
515 302 581 333 sua
599 300 750 333 molitur
767 298 876 333 laude
894 299 1068 344 laborem,

197 352 402 388 Ascanione
420 354 524 396 pater
542 353 728 387 Romanas
745 351 887 386 invidet
906 352 1031 387 arces?

199 406 297 447 Quid
317 405 439 449 struit,
461 407 526 439 aut
548 404 619 450 quai
638 417 701 450 spe
718 405 867 440 inimica
885 406 923 439 in
943 409 1051 450 gente
1069 405 1261 441 moratur?
1367 402 1409 424 ²³⁵

199 458 280 493 Nec
298 459 437 503 prolem
456 459 658 493 Ausoniam
677 461 714 492 et
733 457 886 493 Lavinia
902 458 1048 503 respicit
1066 470 1152 493 arva
1169 459 1181 493 ’ἱ

199 511 239 546 N
241 512 525 556 aviget.——Haec
543 522 685 546 summa
704 514 770 555 est,
792 511 852 546 hic
870 512 987 546 nostri
1005 512 1160 546 nuntius
1179 511 1296 546 esto.''

252 565 415 599 Dixerat.
477 565 546 599 Ille
565 565 678 609 patris
696 564 819 609 magni
837 576 963 609 parere
982 565 1134 609 parabat

199 617 361 662 Imperio
379 631 387 654 ε
415 620 452 652 et
470 618 630 662 primum
649 618 804 662 pedibus
822 618 952 652 talaria
972 618 1086 652 nectit

200 672 325 706 Aurea
341 684 350 714 ;
378 683 461 716 quae
480 672 674 705 sublimem
693 672 769 715 alis,
794 671 869 705 sive
889 683 1034 716 aequora
1053 683 1172 716 supra,
1372 669 1414 689 ²⁴⁰

201 725 274 759 Seu
292 728 440 768 terram,
462 725 590 769 rapido
605 725 741 769 pariter
759 736 842 759 cum
860 725 1007 759 flamine
1025 727 1183 769 portant.

201 777 296 811 Tmn
315 778 453 822 virgam
473 779 569 822 capit
587 791 594 813 ε
623 778 691 812 hac
710 778 849 812 animas
863 778 924 812 ille
944 781 1070 812 evocat
1091 778 1183 812 Orco

202 830 388 865 Pallentes
406 845 413 873 ;
442 831 531 865 alias
551 831 618 865 sub
638 831 758 865 tristia
778 832 928 865 Tartara
946 831 1064 865 mittit
1081 845 1089 873 ;

201 883 277 918 Dat
296 896 441 918 somnos
459 884 673 928 adimitque,
696 887 733 918 et
751 884 891 918 lumina
909 887 1026 919 morte
1045 884 1203 929 resignat
1221 898 1228 920 ε

202 936 275 971 Illa
294 937 411 971 fretus
429 937 505 981 agit
524 941 666 980 ventos,
689 940 726 972 et
744 938 893 972 turbida
911 940 1035 972 tranat
1375 936 1417 956 ²⁴⁵

201 989 351 1024 Nubila.
410 990 570 1035 Jamque
589 991 716 1024 volans
735 991 873 1035 apicem
891 993 928 1025 et
947 991 1063 1025 latera
1080 991 1195 1026 ardua
1213 991 1329 1026 cernit

202 1043 365 1077 Atlantis
382 1043 477 1087 duri,
499 1044 633 1077 coelum
652 1044 716 1088 qui
735 1044 868 1078 vertice
886 1044 1005 1087 fulcit,

203 1096 379 1140 Atlantis,
403 1096 562 1131 cinctum
581 1097 724 1131 assidue
745 1097 804 1131 cui
822 1097 981 1131 nubibus
1000 1097 1088 1131 atris

203 1149 409 1184 Piniferum
424 1152 533 1194 caput
552 1153 589 1184 et
608 1153 719 1184 vento
737 1151 905 1195 pulsatur
923 1153 960 1184 et
979 1151 1087 1185 imbri
1104 1165 1111 1193 ;

203 1202 242 1236 N
244 1203 283 1236 ix
301 1203 472 1237 humeros
490 1203 612 1237 infusa
630 1204 741 1248 tegit3
769 1206 850 1238 tum
869 1204 1021 1238 flumina
1039 1208 1164 1239 mento
1378 1204 1422 1225 ²⁵⁰

204 1255 442 1300 Praecipitant
461 1257 568 1300 senis,
590 1260 627 1291 et
645 1257 757 1301 glacie
775 1257 869 1301 riget
887 1257 1034 1292 horrida
1050 1258 1173 1293 barba.

205 1308 279 1342 Hic
298 1310 457 1354 primum
475 1310 622 1354 paribus
640 1311 762 1344 nitens
782 1311 968 1354 Cyllenius
987 1311 1054 1345 alis

205 1362 381 1396 Constitit
398 1376 406 1405 3
434 1363 521 1397 hinc
539 1366 619 1398 toto
638 1376 796 1408 praeceps
815 1376 852 1398 se
872 1376 1018 1409 corpore
1037 1365 1084 1399 ad
1103 1365 1220 1400 undas

206 1415 312 1450 Misit
330 1429 338 1458 3
368 1416 428 1450 avi
447 1417 585 1460 similis,
609 1429 691 1461 quae
712 1418 843 1451 circum
865 1417 1000 1462 littora,
1025 1418 1160 1453 circum

204 1468 371 1503 Piscosos
390 1470 565 1514 scopulos,
589 1471 738 1504 humilis
757 1471 858 1504 volat
877 1483 1023 1515 aequora
1038 1472 1157 1515 juxta.
1379 1472 1422 1492 ’³³¹³'

206 1521 321 1555 Haud
340 1522 447 1556 aliter
464 1526 579 1557 terras
598 1523 694 1557 inter
713 1524 918 1568 coelmnquc
937 1525 1086 1558 volabat
1102 1539 1110 1567 ;

206 1574 331 1609 Littus
350 1587 543 1610 arenosum
562 1576 688 1621 Libyae
706 1579 908 1621 ventosque
928 1578 1071 1612 secalat

204 1627 376 1662 Materno
398 1629 546 1663 veniens
565 1630 610 1663 ab
630 1642 698 1664 avo
718 1630 882 1674 Cyllenia
900 1631 1027 1675 proles.

205 1680 259 1714 Ut
276 1675 434 1726 primum
454 1683 559 1716 alatis
580 1683 704 1727 tetigit
723 1683 878 1727 magalia
897 1684 1044 1728 plant&

205 1734 353 1768 AEnean
371 1735 590 1769 fundantem
608 1748 718 1779 arces,
737 1749 777 1770 ac
797 1740 893 1770 tecta
911 1741 1110 1773 novantem
1381 1739 1417 1759 ⁴³⁰¹

205 1787 391 1832 Conspicit
409 1801 416 1823 ε
445 1791 556 1833 atque
575 1789 630 1823 illi
648 1790 816 1824 stellatus
835 1790 972 1834 iaspide
992 1791 1094 1826 fulva

203 1839 313 1874 Ensis
332 1844 422 1886 erat,
445 1842 626 1887 Tyrioque
646 1843 798 1877 ardebat
817 1844 953 1877 murice
972 1844 1078 1887 laena,

203 1892 370 1929 Demissa
388 1907 435 1929 ex
452 1895 614 1930 humeris
630 1910 638 1939 ;
666 1896 767 1930 dives
786 1908 870 1941 quae
888 1909 1040 1932 munera
1058 1898 1155 1933 Dido

203 1946 368 1991 Fecerat,
390 1951 427 1982 et
445 1949 550 1982 tenui
567 1950 659 1984 telas
677 1950 897 1984 discreverat
915 1963 1012 1985 auro.

205 2000 389 2035 Continuo
408 2002 552 2036 invadit
570 2016 577 2037 ι
609 2005 634 2021 “
651 2004 706 2037 Tu
725 2016 824 2038 nunc
843 2004 1072 2048 Carthaginis
1091 2005 1178 2040 altre
1380 2005 1418 2026 ‘²⁰‘

203 2052 461 2089 Fundamenta
479 2056 588 2100 locas,
610 2057 871 2101 pulchramque
891 2058 1040 2092 uxorius
1059 2059 1187 2093 urbem

204 2105 386 2151 Exstruis,
408 2108 481 2142 heu
500 2110 601 2154 regni
620 2122 814 2154 rerumque
834 2111 945 2145 oblite
964 2113 1111 2145 tuarum
1129 2114 1135 2146 Ξ

204 2157 289 2202 Ipse
308 2160 430 2195 Deum
449 2162 516 2196 tibi
536 2175 593 2197 me
614 2164 709 2197 claro
728 2164 891 2197 demittit
910 2164 1066 2209 Olympo

203 2211 403 2258 Regnator,
428 2215 561 2249 coelum
580 2219 618 2250 et
636 2219 750 2251 terras
771 2217 835 2261 qui
854 2217 1005 2251 numine
1025 2221 1175 2262 torquet
1195 2231 1203 2261 ς

205 2264 287 2308 Ipse
307 2266 385 2301 haec
404 2267 496 2302 ferre
512 2269 620 2313 jubet
640 2270 772 2304 celeres
791 2270 965 2304 mandata
983 2282 1047 2314 per
1065 2283 1170 2305 auras
1188 2285 1248 2306 2—
1377 2271 1414 2294 ²⁷¹

204 2317 302 2358 Quid
322 2321 443 2364 struis,
465 2325 531 2356 aut
552 2325 624 2367 qua
644 2335 705 2367 spe
726 2323 872 2367 Libycis
892 2323 979 2357 teris
998 2324 1073 2358 otia
1092 2325 1197 2358 torris
1212 2325 1224 2360 ‘3

204 2370 242 2405 Si
262 2374 298 2406 tc
318 2373 419 2408 nulla
438 2378 561 2410 movet
580 2379 766 2410 tantarum
786 2376 899 2421 gloria
918 2389 1052 2421 reruni,
