1528 2569
648 121 782 148 L1BER
812 120 858 147 ΙΙ.

198 209 238 243 N
239 220 286 243 011
305 208 449 243 absunt.
508 207 591 242 Illic
609 208 736 252 saltus,
758 220 799 242 ac
817 208 933 242 lustra
950 209 1121 253 feiarum,

198 261 247 295 Et
265 261 406 306 patiens
425 272 575 305 operum
593 273 777 306 parvoque
796 264 940 295 assueta
954 262 1146 305 juventus,

198 315 306 349 Sacra
323 315 455 357 Deum,
477 315 665 358 sanctique
683 317 813 358 patres
873 315 1049 348 Extrema
1067 327 1132 359 per
1148 315 1230 349 illos

198 367 353 402 Justitia
372 367 549 401 excedens
568 368 674 401 terris
695 367 846 411 vestigia
863 368 959 401 fecit.

251 421 315 454 Me
334 432 419 454 vero
437 420 595 464 primum
615 421 738 454 dulces
757 423 842 454 ante
862 420 983 454 omnia
1002 421 1134 465 qusae,

198 472 361 514 Quarum
380 485 480 507 sacra
497 474 585 516 fero,
607 473 748 517 ingenti
765 474 950 517 perculsus
970 485 1103 517 amore,

196 526 390 571 Accipiant
406 540 414 568 ;
442 526 595 570 coelique
614 527 691 560 vias
709 529 746 560 et
765 527 882 560 sidera
899 529 1116 571 monstrent,

196 579 372 614 Defectus
390 580 474 613 solis
492 580 621 623 varios,
642 580 813 624 lunaeque
831 580 971 613 labores
991 593 998 621 3

198 632 306 666 Unde
324 636 460 666 tremor
478 633 583 666 terris
601 646 608 673 ;
638 634 712 676 qua
731 633 768 665 vi
786 633 900 665 maria
918 633 993 666 alta
1010 635 1218 667 tumescant

199 685 387 729 Objicibus
406 686 536 732 ruptis,
557 697 754 728 rursusque
772 685 811 718 in
830 685 947 728 seipsa
964 685 1126 719 residant
1146 699 1155 727 ;

200 738 297 779 Quid
315 740 462 771 tantum
482 737 625 771 Oceano
644 741 839 781 properent
859 749 895 771 se
914 738 1054 781 tingere
1069 739 1162 772 soles

198 790 368 834 Hyberni
387 804 395 832 ;
423 790 483 825 vel
501 802 582 834 quae
600 791 715 824 tardis
733 802 834 824 mora
850 791 1019 824 noctibus
1038 791 1172 836 obstet,

199 843 274 887 Sin,
298 844 364 877 has
383 855 429 877 ne
447 844 581 887 possim
595 847 738 878 naturae
757 843 925 878 accedere
943 846 1065 887 partes

198 897 368 940 Frigidus
387 897 569 930 obstiterit
588 897 722 930 circum
741 897 939 940 praecordia
953 897 1098 941 sanguis
1117 910 1127 940 ;

199 950 301 983 Rura
319 949 409 983 mihi
426 952 463 983 et
481 950 575 994 rigui
594 950 760 994 placeant
778 950 817 983 in
836 950 991 983 vallibus
1010 962 1134 984 amnes
1152 963 1159 985 ι

197 1003 369 1037 Flumina
388 1014 506 1036 amem
524 1003 717 1047 sylvasque
736 1003 919 1047 inglorius.
981 1003 1012 1036 O
1031 1004 1095 1037 ubi
1115 1006 1245 1049 campi,

201 1055 484 1100 Spercheusque,
507 1059 543 1089 et
564 1056 764 1100 virginibus
783 1056 957 1090 bacchata
976 1056 1138 1090 Lacaenis

199 1109 360 1153 Taygeta
379 1112 385 1143 l
416 1120 437 1142 0
457 1109 521 1153 qui
539 1121 596 1142 1116
615 1109 743 1153 gelidis
761 1110 800 1142 in
819 1109 975 1143 vallibus
994 1109 1119 1144 Haemi

201 1161 327 1205 Sistat,
348 1165 385 1196 et
403 1163 544 1206 ingenti
562 1174 743 1196 ramorum
763 1165 929 1206 protegat
947 1163 1078 1196 umbra
1095 1165 1101 1197 !

252 1215 370 1259 Felix,
393 1215 456 1259 qui
474 1215 596 1259 potuit
614 1227 735 1249 rerum
755 1227 966 1259 cognoscere
985 1227 1122 1259 causaS‚

199 1268 324 1312 Atque
342 1271 462 1302 metus
481 1280 605 1302 omnes
624 1271 660 1302 et
679 1268 901 1302 inexorabile
919 1268 1039 1301 fatum

200 1320 363 1365 Subjecit
381 1322 546 1365 pedibus,
569 1321 833 1365 strepitumque
852 1321 1067 1354 Acherontis
1086 1322 1185 1356 avari
1204 1324 1212 1357 !

198 1374 423 1408 Fortunatus
442 1377 478 1408 et
496 1374 570 1417 ille,
594 1375 690 1408 Deos
710 1375 774 1418 qui
792 1375 896 1407 novit
915 1378 1085 1418 agrestes,

198 1426 385 1472 Panaque,
408 1427 668 1471 Silvanumque
687 1439 822 1470 senem,
845 1427 1110 1471 Nymphasque
1130 1430 1291 1463 sorores!

197 1480 311 1514 Illum
328 1492 403 1514 non
422 1481 547 1524 populi
564 1481 690 1524 fasces,
711 1492 786 1514 non
804 1492 965 1524 purpura
982 1492 1110 1524 regum

197 1533 333 1577 Flexit,
356 1536 393 1567 et
411 1533 543 1567 infidos
562 1534 702 1577 agita-ns
721 1534 899 1567 discordia
917 1534 1047 1567 fratres
1063 1547 1072 1575 ;

197 1587 278 1621 Aut
296 1587 484 1631 conjurato
504 1587 725 1620 descendens
744 1587 864 1620 Dacus
884 1587 929 1620 ab
949 1587 1045 1620 Istro
1064 1600 1071 1628 ;

197 1640 237 1673 Ν
239 1651 286 1674 011
304 1651 360 1673 res
379 1640 567 1683 Romanae,
590 1641 822 1684 perituraque
842 1651 952 1683 regna
970 1653 976 1680 ;
1006 1652 1123 1683 neque
1143 1640 1204 1674 1116

195 1693 275 1727 Aut
294 1693 412 1726 doluit
430 1694 604 1727 miserans
622 1693 778 1737 inope—m,
803 1696 867 1727 aut
886 1693 1020 1726 invidit
1038 1693 1198 1728 habenti.

197 1745 296 1787 Quos
314 1746 406 1779 rami
424 1746 576 1790 fructus,
601 1758 692 1791 quos
712 1747 788 1790 ipsa
807 1746 968 1780 volentia
986 1758 1072 1780 rura

197 1798 334 1843 Sponte
353 1799 469 1832 tulere
488 1802 564 1842 sua,
587 1800 720 1843 carpsit
740 1812 747 1834 :
775 1811 841 1833 1166
859 1800 975 1832 ferrea
988 1798 1085 1843 jura,

197 1851 445 1896 Insanumque
459 1853 592 1893 forum,
614 1856 678 1886 aut
697 1853 822 1896 populi
841 1852 1022 1885 tabularia
1040 1852 1143 1886 vidit.

196 1905 401 1939 Sollicitant
420 1905 482 1939 alii
499 1905 607 1938 remis
625 1907 719 1939 freta
738 1917 843 1949 caeca,
864 1908 1051 1949 ruuntque

196 1958 242 1991 In
260 1958 407 2000 ferrum,
430 1961 623 2002 penetrant
642 1959 743 1992 aulas
762 1961 799 1991 et
818 1958 944 1991 limina
962 1969 1088 2002 regum
1108 1970 1117 2000 ;

196 2010 269 2044 Hic
287 2011 382 2054 petit
400 2011 549 2044 excidiis
566 2012 695 2044 urbem
712 2012 933 2055 miserosque
953 2011 1121 2054 Penates,

195 2063 249 2097 Ut
266 2066 409 2108 gemma
426 2063 539 2107 bibat,
561 2067 598 2097 et
618 2064 771 2098 Sarrano
788 2064 986 2097 indormiat
1005 2067 1102 2097 ostro
1121 2076 1131 2106 3

194 2116 330 2150 Condit
349 2128 434 2160 opes
453 2117 557 2160 alius,
575 2117 788 2161 defossoque
803 2117 953 2150 incubat
973 2128 1061 2150 auro
1079 2129 1087 2158 ;

195 2169 269 2203 Hic
288 2172 411 2213 stupet
430 2170 611 2204 attonitus
630 2171 755 2204 rostris
775 2183 783 2211 3
812 2170 910 2203 hunc
929 2170 1078 2213 plausus
1097 2169 1261 2203 hiantem

193 2222 266 2256 Per
284 2234 416 2256 cuneos
436 2223 655 2267 (geminatus
674 2223 771 2256 6111111
790 2223 976 2266 plebisque
994 2225 1229 2268 patrumque)

194 2275 377 2319 Corripuit
395 2288 401 2310 :
430 2276 591 2320 gaudent
610 2276 748 2320 perfusi
767 2276 941 2319 sanguine
961 2276 1129 2319 fratrum,

193 2328 388 2373 Exilioque
407 2328 532 2362 domos
551 2332 589 2363 et
608 2329 728 2363 dulcia
745 2329 872 2362 limina
890 2331 1049 2371 mutant,

194 2382 318 2425 Atque
337 2382 406 2415 alio
425 2382 581 2425 patriam
600 2386 772 2426 qurerunt
791 2382 859 2415 sub
879 2382 952 2415 sole
967 2382 1158 2425 jacentem.

1352 114 1404 148 47

1371 414 1409 437 455

1366 680 1405 700 »1ΰο

1367 946 1406 966 485

1370 1205 1408 1226 490

1367 1477 1405 1497 495

1365 1738 1405 1759 500

1367 2006 1404 2026 505

1365 2273 1378 2292 ὃ
1382 2272 1408 2292 10
