1559 2584
588 105 776 134 VIRGILII
805 104 961 133 AENEIS.

220 191 429 226 Tondentes
447 203 615 237 campum
634 194 708 228 late
728 194 883 228 candore
902 191 1015 227 nivali
1031 204 1038 227 :

220 245 270 279 Et
288 248 391 289 pater
409 246 587 280 Anchises
606 258 613 281 ε
672 249 698 265 “
711 246 869 290 Bellum,
892 258 913 280 o
927 250 1024 280 terra
1042 245 1199 290 hospita,
1227 248 1351 291 portas
1369 257 1376 282 :

221 296 329 333 Bello
348 301 537 332 armantur
556 300 659 344 equi:
687 300 826 334 bellum
843 300 922 333 haec
940 302 1106 333 armenta
1123 299 1312 334 minantur
1329 312 1336 334 :

222 351 292 385 Sed
311 354 434 385 tamen
454 352 551 386 idem
571 353 657 386 olim
676 364 784 387 curru
802 352 990 387 succedere
1009 353 1104 386 sueti

223 403 496 448 Quadrupedes,
519 409 557 439 et
576 407 691 440 fraena
704 407 795 450 jugo
814 406 1006 440 concordia
1023 406 1117 440 ferre
1135 418 1142 440 :

222 457 311 501 Spes
329 460 385 491 est
403 459 540 503 pacis‚’'
562 459 622 494 ait.
684 460 777 493 Tum
796 459 948 493 numina
967 462 1091 493 sancta
1109 469 1298 503 precamur

223 510 386 545 Palladis
403 513 605 556 armisonae,
629 524 710 556 quse
731 513 845 557 prima
865 513 1003 556 accepit
1023 515 1196 553 ovantes;

221 563 271 597 Et
291 564 409 608 capita
427 568 512 599 ante
532 577 610 599 aras
630 565 791 610 Phrygio
812 566 974 600 velamur
992 565 1127 599 amictu
1146 578 1154 607 ;

222 616 493 662 Praeceptisquc
514 618 660 662 Heleni,
683 619 834 653 dederat
854 631 936 663 quae
954 619 1128 662 maxima,
1149 618 1218 652 rite

222 669 249 704 J
251 670 366 704 unoni
381 672 528 715 Argivae
543 672 664 716 jussos
684 672 871 706 adolemus
889 673 1053 706 honores.

275 723 390 758 Haud
409 736 510 759 mora
528 738 535 760 :
565 726 751 769 continuo,
773 726 943 770 perfectis
958 725 1084 760 ordine
1103 724 1212 768 votis,

223 776 368 812 Cornua
386 779 589 812 velatarum
609 779 833 813 obvertimus
851 781 1106 822 antennarum,

223 830 546 876 Graiugenumque
566 832 704 875 domos,
727 835 966 876 suspectaque
985 832 1186 875 linquimus
1204 842 1298 866 arva.

222 883 323 918 Hinc
341 884 442 919 sinus
460 885 645 929 Herculei,
668 885 698 919 si
716 897 801 919 vera
819 888 874 919 est
893 886 1001 928 fama,
1023 884 1171 918 Tarenti

223 936 402 971 Cernitur.
463 939 615 972 Attollit
634 951 671 973 se
690 939 774 973 diva
794 938 941 972 Lacinia
959 941 1096 981 contra,

224 990 468 1035 Caulonisque
488 1003 599 1035 arces,
617 995 654 1026 et
674 992 903 1036 navifragum
925 991 1158 1035 Scylacaeum.

224 1043 318 1077 Tum
337 1045 461 1088 procul
481 1057 501 1078 e
520 1045 635 1079 fluctu
654 1045 837 1078 Trinacria
856 1044 1016 1078 cernitur
1036 1044 1170 1085 AEtna3

223 1097 273 1131 Et
291 1098 469 1141 gemitum
488 1098 673 1142 ingentem
692 1099 823 1142 pelagi,
845 1098 1060 1142 pulsataque
1080 1108 1169 1130 saxa

223 1150 407 1184 Audimus
426 1151 544 1195 longe,
567 1152 772 1196 fractasque
792 1151 837 1185 ad
857 1151 982 1184 littora
1001 1162 1106 1184 voces
1125 1164 1132 1191 3

223 1203 496 1248 Exsultantque
515 1205 621 1248 vada,
643 1208 754 1249 atque
774 1207 863 1238 aestu
884 1204 1083 1238 miscentur
1101 1215 1228 1237 arenae.

225 1257 274 1290 Et
293 1260 397 1301 pater
415 1258 593 1292 Anchises
611 1271 617 1292 :
651 1260 676 1276 ‘⁶
690 1258 877 1291 Nimirum
896 1258 974 1291 heec
992 1257 1055 1290 illa
1075 1255 1277 1300 Charybdis
1297 1269 1305 1298 ;

226 1309 306 1344 Hos
328 1310 492 1345 Helenus
511 1311 688 1356 scopulos,
705 1311 783 1345 haec
803 1323 890 1345 saxa
907 1310 1089 1344 horrenda
1108 1310 1278 1344 canebat:

225 1363 378 1408 Eripite,
401 1376 422 1398 o
441 1365 540 1408 socii,
562 1365 769 1409 pariterque
787 1364 964 1408 insurgite
982 1363 1130 1397 remis.''

227 1417 340 1451 Haud
358 1418 480 1451 minus
499 1430 539 1452 ac
553 1418 648 1460 jussi
666 1419 828 1452 faciunt:
856 1418 1068 1462 primusque
1086 1415 1281 1450 rudentem

227 1470 413 1504 Contorsit
431 1471 541 1505 laevas
559 1483 702 1516 proram
723 1472 918 1505 Palinurus
937 1471 984 1504 ad
1002 1471 1120 1503 undas
1140 1483 1148 1511 ;

228 1523 375 1557 Laevam
395 1527 526 1558 cuncta
545 1525 671 1558 cohors
689 1525 798 1558 remis
816 1524 1007 1568 ventisque
1026 1523 1167 1567 petivit.

228 1577 404 1611 Tollimur
422 1578 460 1611 in
481 1578 613 1612 ccelum
632 1581 781 1611 curvato
800 1577 954 1622 gurgite,
978 1579 1014 1610 et
1033 1576 1130 1609 idem

229 1629 418 1665 Subducta
437 1631 482 1664 ad
502 1631 633 1665 Manes
652 1632 743 1664 imos
762 1631 961 1664 desidimus
979 1629 1088 1663 unda.

229 1683 297 1717 Ter
315 1685 454 1728 scopuli
472 1685 665 1718 clamorem
683 1685 780 1718 inter
799 1695 886 1718 cava
905 1694 991 1717 saxa
1010 1682 1141 1716 dedere
1157 1695 1167 1723 3

230 1737 299 1770 Ter
318 1749 484 1781 spumam
503 1738 627 1771 elisam
648 1740 684 1771 et
703 1737 864 1771 rorantia
882 1736 1041 1770 vidimus
1061 1738 1167 1769 astra.

229 1789 377 1824 Interea
395 1791 506 1825 fessos
526 1794 659 1824 ventus
679 1802 761 1824 cum
781 1790 855 1824 sole
873 1789 1042 1833 reliquit3

230 1843 428 1888 Ignarique
447 1844 516 1878 viae
536 1844 735 1888 Cyclopum
755 1843 948 1877 allabimur
967 1842 1048 1875 oris.

283 1897 418 1931 Portus
436 1898 482 1931 ab
502 1909 644 1932 accessu
664 1900 859 1931 ventorum
878 1897 1051 1930 immotus
1071 1897 1108 1928 et
1126 1894 1255 1939 ingens

230 1949 314 1994 Ipse
325 1963 333 1992 ;
363 1951 426 1984 sed
445 1951 620 1984 horrificis
629 1951 740 1995 juxta
759 1953 864 1984 tonat
883 1949 1000 1982 AEtna
1018 1948 1145 1990 ruinis,

229 2002 496 2049 Interdumque
515 2007 631 2038 atram
651 2004 854 2048 prorumpit
874 2003 920 2036 ad
940 2002 1077 2036 aethera
1095 2001 1243 2040 nubem,

231 2057 390 2091 Turbine
409 2058 613 2091 fumantem
632 2057 732 2101 piceo
752 2059 788 2090 et
809 2056 987 2090 candente
1007 2054 1133 2089 favilla
1150 2067 1158 2094 3

229 2110 454 2155 Attollitque
472 2111 597 2155 globos
616 2111 856 2153 flammarum,
879 2112 915 2143 et
935 2108 1053 2142 sidera
1070 2106 1221 2141 lambit:

230 2163 425 2198 Interdum
445 2165 609 2209 scopulos
628 2164 826 2208 avulsaque
845 2163 982 2196 viscera
1000 2161 1135 2195 montis

229 2216 348 2262 Erigit
367 2220 547 2261 eructans,
569 2217 839 2262 liquefactaque
859 2227 946 2250 saxa
964 2214 1032 2248 sub
1051 2223 1157 2248 auras

230 2269 322 2304 Cum
340 2271 479 2314 gemitu
496 2271 686 2315 glomerat,
708 2270 896 2314 fundoque
915 2269 1092 2302 exaestuat
1111 2266 1194 2299 imo.

229 2323 344 2358 Fama
363 2327 429 2367 est,
452 2323 627 2358 Enceladi
647 2324 861 2357 semiustum
880 2321 1033 2355 fulmi'ie
1054 2330 1183 2363 corpus

230 2376 361 2422 Urgeri
380 2377 475 2411 molo
495 2377 575 2420 hae,
598 2377 856 2421 ingentemque
876 2375 1024 2419 insuper
1044 2372 1197 2407 [lituum

1390 297 1432 317 540

1394 563 1435 582 545

1395 828 1438 848 550

1397 1093 1439 1113 655

1399 1359 1442 1379 560

1403 1625 1443 1645 5an

1403 1890 1446 1914 570

1402 2155 1445 2180 575
