1528 2569
670 89 805 118 menn
834 89 924 118 vm.
1375 81 1454 119 139

250 177 478 222 Cognatique
495 181 628 222 patres,
649 182 715 212 tua
732 179 838 213 terris
856 178 974 212 didita
992 178 1100 222 fama,

251 230 481 275 Conjunxere
499 231 580 274 tibi,
603 234 640 266 et
658 231 744 265 fatis
763 233 865 275 egere
885 231 1078 265 volentem.

250 283 456 328 Dardanus,
474 284 595 318 lliacae
613 285 752 328 primus
766 288 869 328 pater
886 284 986 318 urbis
1006 288 1043 318 et
1061 286 1199 328 auctor,

250 336 409 379 Electra,
430 340 473 370 ut
493 337 594 371 Graii
610 337 815 381 perhibent,
836 337 1028 371 Atlantide
1047 340 1176 380 cretus,
1418 335 1458 356 ¹3⁵

250 389 459 423 Advehitur
477 390 631 424 Teucros
651 403 659 431 ;
686 390 801 423 Elect1
809 402 867 423 am
886 390 1067 423 maximus
1085 391 1192 424 Atlas

250 441 390 485 Edidit,
413 443 587 476 aethereos
605 443 756 477 humero
775 443 840 487 qui
858 443 1013 476 sustinet
1029 443 1140 476 orbes.

251 493 366 529 Vobis
384 495 588 529 Memmius
608 499 712 543 pater
729 499 796 539 est,
819 507 927 540 quem
946 496 1100 529 candida
1118 496 1219 530 Maia

252 547 412 592 Cyllenae
430 549 549 592 gelido
568 552 782 592 conceptum
800 549 934 582 veitice
952 548 1060 583 fudit.

254 603 304 634 At
322 601 472 645 Maiam,
490 601 626 635 auditis
645 602 676 635 si
695 602 889 646 quicquam
913 601 1104 644 credimus,
1125 601 1243 646 Atlas,
1420 599 1460 620 ¹⁴⁰

251 652 357 687 Idem
374 654 491 698 Atlas,
510 657 671 698 generat,
693 655 775 688 coeli
794 654 857 698 qui
875 652 993 688 sidera
1010 655 1117 688 tollit.

251 706 310 740 Sic
327 718 441 750 genus
459 707 647 741 amborum
666 707 799 740 scindit
817 719 854 740 se
873 707 1048 750 sanguine
1066 707 1111 740 ab
1130 719 1213 741 uno.

253 759 324 792 His
341 759 458 793 fretus
475 771 550 794 non
567 760 717 803 legatos,
738 771 858 803 neque
876 760 992 803 prima
1009 771 1074 803 per
1091 762 1206 793 artem

251 811 491 847 Tentamenta
508 813 566 846 tui
583 813 704 857 pepigi
723 825 730 847 z
758 824 829 856 me,
850 824 909 846 me
928 813 1005 856 ipse
1023 824 1220 856 meumque

251 864 378 909 Objeci
395 868 517 909 caput,
539 868 576 899 et
594 865 749 910 supplex
767 866 813 899 ad
832 866 959 899 limina
976 865 1070 899 veni.
1421 864 1459 884 ¹⁴⁵

251 917 351 951 Gens
370 918 508 962 eadem,
531 930 614 963 quae
633 922 670 952 te
689 918 836 961 cmdeli,
860 918 1016 961 Daunia,
1038 918 1134 952 bello

251 969 476 1015 Insequitur,
496 982 562 1005 nos
582 972 612 1005 si
629 972 781 1015 pellant,
803 971 896 1005 nihil
914 972 1037 1006 abfore
1056 971 1221 1015 credunt,

252 1023 350 1064 Quin
364 1036 509 1058 omnem
528 1024 743 1068 Hesperiam
760 1025 907 1069 penitus
925 1036 990 1058 sua
1009 1025 1076 1058 sub
1090 1024 1181 1068 juga
1198 1025 1363 1069 mittant,

251 1076 301 1110 Et
319 1089 427 1120 mare,
452 1079 551 1121 quod
570 1089 690 1122 supra,
711 1080 875 1121 teneant,
898 1078 1069 1122 quodque
1088 1078 1194 1111 alluit
1211 1078 1315 1112 infla.

252 1130 398 1174 Accipe,
419 1130 537 1174 daque
556 1131 666 1164 fidem
684 1143 691 1165 :
719 1134 806 1164 sunt
824 1131 930 1164 nobis
948 1130 1057 1164 fortia
1070 1131 1165 1164 bello
1422 1129 1461 1149 ¹³⁰

250 1183 415 1226 Pectora,
439 1186 525 1217 sunt
544 1184 666 1227 animi,
690 1186 727 1217 et
744 1184 852 1217 rebus
871 1186 1033 1228 spectata
1046 1183 1233 1227 juventus.
1241 1184 1262 1201 '²

252 1235 406 1270 Dixerat
425 1236 563 1270 AEneas
581 1249 587 1270 :
616 1237 677 1270 ille
697 1248 737 1270 os
755 1237 951 1280 oculosque
970 1237 1154 1280 loquentis

251 1289 278 1322 J
280 1289 491 1333 amdudum,
517 1294 553 1323 et
571 1293 693 1323 totum
711 1290 890 1324 lustrabat
908 1290 1046 1323 lumine
1065 1301 1202 1333 corpus.

253 1342 346 1375 Tum
365 1342 416 1376 sic
433 1354 548 1386 pauca
566 1343 677 1376 refert
698 1355 704 1377 :
739 1344 762 1361 “
778 1343 832 1377 Ut
849 1346 898 1386 te,
921 1342 1114 1376 fortissime
1133 1343 1323 1387 Teucrssm,

252 1394 401 1438 Accipio
419 1406 645 1439 agnoscoque
663 1396 779 1429 libens
795 1397 802 1429 !
833 1399 875 1429 ut
893 1395 1004 1429 verba
1021 1396 1183 1440 parentis
1425 1394 1462 1414 ¹³⁵

252 1447 302 1481 Et
320 1459 445 1482 vocem
464 1448 633 1482 Anchisae
651 1449 773 1492 magni
790 1449 1010 1492 vultumque
1027 1449 1196 1482 recordor
1213 1451 1220 1483 Ξ

252 1500 351 1534 Nam
369 1501 520 1534 memini
538 1501 710 1535 Hesionae
724 1502 902 1535 visentem
920 1513 1031 1545 regna
1049 1502 1181 1535 sororis

253 1553 586 1588 Laomedontiaden
606 1555 806 1598 Priamum,
829 1555 1012 1589 Salamina
1030 1558 1228 1599 petentem,

253 1607 427 1640 Protinus
445 1607 612 1641 Arcadiae
631 1608 768 1651 gelidos
787 1608 942 1641 invisere
962 1608 1061 1642 fines.

253 1659 347 1693 Tum
364 1659 455 1693 mihi
472 1660 589 1704 prima
606 1672 715 1703 genas
734 1661 892 1694 vestibat
911 1662 997 1694 flore
1012 1661 1169 1704 juventa
1185 1673 1194 1703 ς
1425 1658 1465 1679 ¹⁰⁰

253 1712 489 1757 Mis-‘ibamque
508 1713 617 1747 duces
636 1713 799 1757 Teucros,
823 1714 980 1747 misabar
997 1717 1035 1747 et
1053 1714 1172 1757 ipsum

254 1764 591 1799 Laomedontiaden
610 1778 618 1800 ε
647 1766 709 1799 sed
729 1767 869 1800 cunctis
888 1767 996 1800 altior
1013 1767 1090 1800 ibat

254 1817 440 1852 Anchises.
501 1818 598 1852 Mihi
614 1830 718 1852 mens
732 1819 899 1863 juvenali
915 1819 1066 1853 ardebat
1084 1830 1206 1853 amore

256 1870 479 1914 Compellare
496 1871 626 1914 virum,
651 1874 687 1905 et
707 1872 846 1906 dextrae
867 1872 1084 1916 conjungere
1104 1872 1280 1906 dextram.

255 1923 411 1965 Accessi,
434 1926 471 1957 et
490 1924 642 1968 cupidus
661 1924 801 1958 Phenei
820 1925 888 1958 sub
907 1925 1043 1958 moenia
1061 1925 1160 1958 duxi.
1426 1922 1466 1942 ¹⁶⁵

256 1976 324 2009 Ille
343 1976 435 2010 mihi
453 1977 633 2020 insignem
651 1977 859 2020 pharetram
879 1978 1080 2021 Lyciasque
1100 1978 1262 2021 sagittas,

255 2028 465 2073 Discedens,
489 2029 790 2074 chlamydemque
809 2042 898 2064 auro
916 2031 1018 2064 dedit
1037 2031 1287 2073 intertextam,

255 2081 288 2115 F
288 2093 458 2125 raenaque
476 2082 576 2126 bina,
596 2094 700 2116 meus
719 2095 801 2127 quae
819 2095 917 2117 nunc
935 2084 1058 2127 habet,
1080 2095 1199 2127 aurea,
1223 2084 1353 2118 Pallas.

255 2134 351 2178 Ergo
371 2137 418 2178 et,
443 2147 554 2179 quam
572 2135 708 2180 petitis,
727 2136 858 2180 juncta
877 2139 932 2170 est
951 2137 1041 2170 mihi
1058 2136 1196 2171 foedere
1215 2137 1346 2170 dextra
1363 2150 1371 2181 3

255 2186 318 2231 Et,
339 2188 406 2221 lux
424 2200 539 2232 quum
557 2189 716 2232 primum
735 2189 840 2223 terris
859 2201 896 2223 se
915 2190 1071 2223 crastina
1088 2189 1230 2233 reddet,
1427 2186 1466 2210 17⁰

256 2240 406 2274 Auxilio
424 2241 529 2275 laetos
548 2241 747 2285 dimittam,
765 2242 966 2287 opibusque
981 2242 1129 2287 juvabo.

258 2292 404 2328 Interea
422 2304 522 2328 sacra
540 2294 627 2337 haec,
652 2295 799 2338 quando
818 2295 890 2329 huc
908 2295 1060 2329 venistis
1078 2295 1196 2338 amici,

259 2350 408 2390 Annua,
430 2357 512 2391 quae
531 2347 673 2381 differre
693 2348 807 2392 nesae,
829 2348 1007 2382 celebrate
1025 2348 1189 2382 faventes
