1528 2569
595 77 730 106 LIBER
759 77 816 107 1v.
1308 67 1330 103 ’ἴ

1339 66 1352 105 ..Δ

155 168 429 213 Nocturnisque
448 167 589 202 Hecate
610 168 728 202 triviis
746 167 888 201 ululata
906 177 970 210 per
987 164 1107 209 urbes,

155 223 204 257 Et
223 222 321 256 Dirae
338 221 499 265 ultrices,
521 224 557 255 et
576 221 625 255 Di
643 221 830 255 morientis
849 219 971 262 Elisae,
1321 214 1362 235 ‘’²‘’

157 275 321 319 Accipit-e
339 275 429 318 haec,
451 275 696 318 meritumque
715 273 820 307 malis
839 272 1020 307 advertite
1038 283 1189 315 numen,

157 329 207 362 Et
225 330 367 362 nostras
386 326 510 361 audite
529 339 660 371 preces.
722 326 760 360 Si
779 330 925 370 tangere
944 328 1070 369 portus

159 381 359 415 Infandum
378 383 500 424 eaput,
522 392 562 414 ac
581 380 687 413 terris
706 379 840 413 adnare
860 390 1002 412 necesse
1022 381 1076 411 est
1098 390 1105 418 ;

158 434 208 468 Et
227 434 276 468 sic
295 434 372 467 fata
391 432 416 466 J
418 433 496 467 ovis
514 435 690 477 poscunt;
718 431 776 466 hic
796 432 975 466 terminus
995 432 1111 465 haeret
1129 443 1138 473 ;

160 487 212 521 At
229 487 325 520 bello
345 486 491 520 audacis
508 485 634 530 populi
655 488 806 519 vexatus
825 488 861 519 et
881 485 1002 528 armis,
1325 479 1365 500 ⁶¹⁵

161 540 313 574 Finibus
332 540 495 582 extorris,
518 539 708 583 complexu
727 539 873 572 avulsus
894 538 979 581 Iuli,

161 593 351 627 Auxilium
370 593 550 636 imploret,
575 592 769 636 videatque
789 591 939 635 indigna
958 601 1107 624 suorum

162 647 307 680 Funera
323 659 331 680 ε
359 657 437 688 nee,
460 657 575 689 quum
594 656 630 678 se
650 645 716 678 sub
735 645 832 688 leges
851 644 947 687 pacis
966 643 1103 687 iniquae

163 699 381 742 Tradiderit,
403 710 512 742 regno
531 700 596 731 aut
616 699 744 741 optata
763 697 842 730 luce
861 697 1006 730 fruatur
1023 709 1031 737 ;

164 752 235 786 Sed
255 752 360 786 cadat
379 753 463 785 ante
483 750 592 794 diem,
614 750 805 794 mediaque
825 749 1037 783 inhumatus
1057 749 1174 782 arena.
1327 744 1369 765 ⁶²⁰

165 805 258 839 Haeo
275 816 400 848 precor
420 816 426 838 :
454 804 548 837 hanc
566 815 693 837 vocem
711 806 911 836 extremam
930 814 1013 835 cum
1033 801 1206 845 sanguine
1225 800 1351 835 fundo.

165 858 259 892 Tum
276 869 353 900 vos,
375 868 396 890 o
415 857 526 901 Tyrii,
549 856 699 900 stirpem
717 858 754 889 et
772 867 887 900 genus
907 867 1012 889 omne
1031 855 1200 888 futurum

165 911 342 945 Exercete
360 910 452 944 odiis
470 923 477 951 3
507 910 690 953 cinerique
709 909 787 942 haeo
806 909 942 942 mittite
962 910 1086 941 nostro

167 964 333 998 Munera.
393 963 530 996 Nullus
549 974 650 996 amor
666 963 823 1006 populis,
846 973 912 995 nec
931 961 1069 995 foedera
1087 963 1206 995 sunto.

167 1017 340 1051 Exoriare
358 1016 489 1060 aliquis
507 1016 640 1049 nostris
659 1028 706 1049 ex
725 1015 864 1049 ossibus
882 1015 993 1057 ultor,
1331 1010 1372 1031 ⁶¹³⁵

169 1070 241 1111 Qui
259 1070 335 1103 face
354 1069 557 1103 Dardanios
575 1069 742 1113 ferroque
761 1080 912 1112 sequare
932 1068 1089 1110 colonos,

170 1123 293 1166 Nunc,
314 1123 413 1165 olim,
436 1134 652 1166 quocunque
671 1122 813 1156 dabunt
832 1133 869 1155 se
887 1124 1049 1165 tempore
1069 1120 1172 1154 vires.

171 1176 313 1210 Littora
330 1175 515 1209 littoribus
534 1175 726 1218 contraria,
749 1175 919 1208 fluctibus
941 1174 1055 1207 undas

172 1230 367 1273 Imprecor,
390 1240 489 1262 arma
509 1228 616 1261 armis
637 1241 644 1262 ε
673 1230 838 1272 pugnent
857 1227 997 1271 ipsique
1017 1225 1278 1270 nepotesquc.’'

172 1282 264 1316 Haec
282 1282 345 1325 ait,
368 1284 405 1315 et
424 1289 544 1325 partes
563 1281 727 1314 animum
745 1281 912 1315 versabat
933 1280 970 1313 in
990 1291 1125 1322 omnes,
1335 1276 1376 1296 ⁶³⁰

170 1335 334 1369 Invisam
353 1346 518 1378 quaerens
538 1334 806 1378 quamprimum
825 1333 1039 1377 abrumpere
1057 1333 1184 1366 lucem.

172 1389 266 1422 Tum
285 1388 443 1421 breviter
462 1387 602 1420 Barcen
621 1387 801 1420 nutricem
819 1387 929 1420 affata
949 1386 1079 1419 Sichaei

172 1441 358 1486 (Namque
377 1451 479 1473 suam
497 1440 616 1484 patria
634 1440 788 1484 antiqua
808 1440 897 1473 cinis
915 1442 994 1473 ater
1012 1438 1182 1483 habebat)
1206 1450 1213 1473 :

175 1496 201 1513 “
217 1494 376 1536 Annam,
399 1505 491 1535 cara,
513 1493 615 1536 mihi,
637 1493 775 1536 nutrix,
798 1493 869 1526 huc
888 1493 974 1526 siste
994 1503 1150 1525 sororem
1169 1504 1176 1525 :

171 1547 240 1581 Die
259 1558 387 1590 corpus
406 1549 573 1590 properet
592 1546 731 1580 fluviali
749 1557 913 1590 spargere
932 1546 1093 1589 lympha,
1337 1542 1378 1562 ⁶³⁵

172 1601 221 1634 Et
240 1600 395 1644 pecudes
414 1611 536 1632 secum
555 1602 592 1633 et
611 1602 815 1633 monstrata
833 1599 975 1643 piacula
994 1599 1113 1632 ducat.

173 1654 231 1687 Sic
249 1652 372 1686 veniat
390 1665 398 1693 ;
426 1655 541 1696 tuque
560 1653 637 1697 ipsa
655 1653 717 1696 pia
735 1656 816 1696 tege
834 1655 999 1696 tempora
1017 1653 1121 1686 vitta.

175 1707 282 1740 Sacra
300 1705 327 1739 J
329 1705 390 1739 ovi
409 1706 549 1749 Stygio,
572 1717 654 1750 quae
672 1706 742 1739 rite
761 1706 906 1750 incepta
924 1705 1060 1749 paravi,

175 1759 352 1793 Perficere
372 1760 426 1792 est
445 1759 587 1792 animus
604 1772 612 1800 3
642 1759 823 1803 finemque
842 1759 1027 1802 imponere
1047 1758 1141 1792 curis
1159 1770 1167 1799 ;

173 1812 422 1855 Dardaniique
440 1823 568 1855 rogum
588 1812 714 1855 capitis
733 1812 942 1856 permittere
962 1811 1153 1845 flammze.”
1340 1808 1382 1828 ⁰⁴⁰

176 1866 234 1900 Sic
253 1865 314 1898 ait.
377 1864 447 1898 Illa
465 1865 619 1908 gradum
638 1864 760 1898 studio
780 1865 959 1898 celerabat
979 1865 1120 1898 anilem.

228 1918 280 1952 At
298 1917 441 1961 trepida
460 1920 496 1950 et
516 1918 644 1961 ooepffis
662 1918 880 1951 immanibus
899 1918 1007 1951 effera
1024 1917 1148 1959 Dido,-

177 1970 421 2016 Sanguineam
440 1971 590 2004 volvens
609 1971 734 2013 aciem,
756 1971 979 2014 maculisque
998 1972 1194 2004 trementes

178 2024 362 2059 Interfusa
379 2035 501 2068 genaS‚
523 2026 560 2057 et
579 2024 713 2067 pallida
731 2027 847 2057 morte
866 2024 1005 2066 futura,

176 2077 356 2112 Interiora
374 2077 504 2110 domus
523 2076 692 2121 irrumpit
711 2077 848 2121 limina,
871 2080 908 2111 et
926 2077 1021 2110 altos
1343 2072 1385 2093 ⁶⁴⁵

177 2130 398 2166 Conscendit
416 2130 615 2164 furibunda
634 2142 750 2174 rogos,
773 2142 967 2174 ensemque
986 2129 1143 2163 recludit

178 2182 422 2226 Dardanium,
445 2194 517 2216 non
538 2183 604 2216 hos
624 2184 818 2227 quaesitum
838 2195 972 2217 munus
990 2183 1028 2216 in
1048 2194 1145 2217 usus·

178 2236 263 2279 Hic,
286 2239 479 2280 postquam
500 2235 628 2270 Iliacas
650 2239 765 2270 vestes
784 2240 986 2280 notumque
1007 2236 1124 2270 cubile

179 2289 387 2333 Conspexit,
409 2289 572 2333 paullum
591 2289 760 2333 lacrymis
779 2293 816 2324 et
835 2293 956 2323 mente
975 2291 1127 2332 morata,

179 2342 426 2386 Incubuitque
445 2344 538 2386 toro,
561 2342 727 2387 dixitque
747 2344 943 2377 nox-issima
962 2342 1072 2376 verba
1092 2355 1100 2377 t
1345 2337 1387 2357 ⁶⁵⁰
