1559 2584
136 83 213 121 178

607 94 792 121 VIRGILII
821 95 978 121 AENEIS.

235 182 335 216 Hinc
356 194 502 227 quoque
521 182 742 226 quingentos
760 182 799 216 in
814 194 851 216 se
867 182 1071 217 Mezentius
1089 186 1219 226 affluat,

235 234 332 276 Ques
351 238 453 279 patre
472 235 615 268 Benaco
634 235 775 269 velatus
792 235 971 269 arundine
988 235 1117 279 glauca

237 288 397 321 Mincius
412 287 545 321 infesta
563 287 720 321 ducebat
739 288 777 321 in
797 299 942 332 aequora
960 288 1059 332 pinu.

291 341 328 374 It
342 340 462 384 gravis
481 340 662 383 Aulestes,
685 343 911 385 centenaque
930 341 1057 375 arbore
1076 341 1210 375 fluctus

237 393 415 427 Verberat
434 405 624 437 assurgens
642 406 648 427 :
678 397 851 437 spumant
870 394 964 428 vada
981 406 1158 428 marmore
1179 405 1293 429 verso,

236 446 347 480 Hune
367 446 467 479 vehit
485 446 654 480 immanis
674 446 801 480 Triton
820 449 857 480 et
876 447 1009 481 caerula
1028 447 1164 481 concha

237 499 432 532 Exterrens
446 499 541 532 freta.
561 512 568 540 ;
597 499 655 532 cui
670 499 827 533 laterum
846 502 954 533 tenus
973 500 1116 543 l1i<pida
1134 499 1240 533 nanti

235 553 350 586 Frons
369 552 553 585 hominem
572 553 731 596 praefert,
749 553 787 586 in
806 553 937 596 pristin
957 552 1091 586 desinit
1110 552 1214 586 alvus
1235 564 1242 585 z

236 605 394 649 Spumea
412 605 578 638 semifero
597 605 664 638 sub
684 608 828 649 pectore
848 608 1051 639 murmurat
1068 605 1176 639 unda.

237 658 305 692 Tot
325 658 411 691 lecti
430 669 593 702 proceres
612 661 669 691 ter
687 658 790 691 denis
809 658 964 692 navibus
982 659 1086 692 ibant

235 710 404 745 Subsidio
423 711 552 755 Trojae,
575 713 612 744 et
631 723 775 755 campos
793 711 878 745 salis
897 723 966 745 aere
986 711 1164 745 secabant.

286 763 446 807 Jamque
466 764 542 798 dies
562 764 653 798 coelo
673 767 908 807 concesserat,
931 764 1097 808 almaque
1121 775 1225 797 curs·-

234 817 440 861 Noctivago
459 815 598 851 Phoebe
613 818 774 851 medium
793 818 961 861 pulsabat
979 817 1185 861 Olympum.

236 870 372 904 AEneas
392 870 524 914 (neque
544 870 641 904 enim
661 870 832 904 membris
851 870 916 904 dat
935 882 1021 904 cura
1041 870 1216 914 quietem)

235 923 319 967 Ipse
338 917 466 956 sedens
485 923 701 967 clavumque
720 923 813 967 regit
828 923 989 967 velisque
1008 923 1192 956 ministrat
1210 935 1217 962 ;

235 977 358 1020 Atque
377 976 432 1009 illi
451 976 570 1009 medio
586 976 622 1009 in
643 977 759 1019 spatio
780 976 922 1019 chorus,
945 988 1038 1019 ecce,
1061 987 1209 1009 suarum

234 1029 399 1063 Occurrit
418 1029 592 1062 comitum
613 1042 619 1062 :
650 1029 848 1073 Nymphae,
871 1041 961 1073 quas
979 1029 1075 1062 alma
1093 1028 1237 1072 Cybebe

239 1082 388 1115 Numen
407 1081 539 1115 habere
558 1082 679 1124 max-1⁴,
698 1081 962 1125 Nymphasque
982 1093 1001 1115 e
1021 1081 1176 1115 navibus
1195 1092 1242 1113 es<
1251 1092 1281 1123 e,

233 1135 413 1177 Jusserat,
436 1134 614 1168 innabant
634 1135 779 1178 pariter,
801 1135 1007 1179 fluctusque
1026 1134 1208 1176 secabant,

238 1187 336 1229 Quot
357 1188 456 1231 prius
475 1190 596 1221 aeratae
616 1191 794 1221 steterant
813 1188 859 1221 ad
879 1188 1006 1221 littora
1023 1198 1138 1231 prorae
1157 1199 1164 1221 :

236 1242 451 1285 Agnoscunt
471 1241 577 1284 longe
596 1252 728 1285 regem,
751 1241 983 1285 lustrantque
1003 1241 1140 1274 choreis
1158 1252 1165 1273 τ

237 1293 412 1337 Quarum,
435 1305 518 1338 quae
532 1294 636 1327 fandi
655 1294 877 1336 doctis—dum,
901 1293 1127 1337 Cymodocea

237 1347 338 1381 Pone
358 1358 512 1391 sequens
531 1347 663 1380 dextra
682 1347 834 1391 puppim
853 1351 968 1389 tmet,
991 1347 1140 1390 ipsaque
1159 1345 1266 1379 dorso

237 1401 398 1443 Eminet,
420 1412 462 1433 ac
481 1400 575 1434 heva
594 1400 716 1434 tacitsss
736 1400 958 1443 subremigat
978 1399 1087 1433 undis
1107 1412 1114 1433 ι

235 1453 328 1487 Tum
347 1453 397 1487 sic
415 1453 582 1497 ignarum
601 1453 800 1497 alloquitur
820 1466 826 1487 :
860 1455 884 1471 “
902 1453 1100 1496 Vigilasne‚
1122 1451 1232 1485 deum
1251 1461 1352 1494 gensi,

239 1506 359 1540 AEnea
377 1506 389 1540 2
415 1506 536 1549 vigila,
560 1509 596 1539 et
616 1506 705 1539 velis
725 1506 882 1539 immitte
900 1506 1083 1539 rudentes.

237 1560 316 1593 Nos
330 1570 455 1592 sumus
476 1559 586 1592 Idaeae
605 1571 704 1592 sacro
724 1559 768 1592 de
788 1559 923 1592 vertice
942 1559 1060 1603 pinus,

237 1613 348 1646 Nunc
367 1612 483 1656 pelagi
499 1612 535 1644 N
538 1612 696 1655 ymphae,
719 1612 841 1645 classis
860 1615 934 1645 tua..
996 1610 1163 1644 Perfidus
1182 1612 1224 1645 ut
1243 1621 1309 1643 nos

238 1665 448 1709 Praecipites
467 1665 561 1698 ferro
581 1665 743 1698 Rutulus
762 1665 980 1709 flammaque
999 1664 1198 1708 premebat,

239 1718 422 1762 Rupimus
441 1718 569 1751 invi'ae
589 1720 654 1751 tua
673 1718 829 1760 vincula,
853 1721 963 1761 teque
982 1729 1045 1761 per
1065 1727 1189 1760 {equor

238 1771 452 1813 Quaerimus
514 1770 621 1804 Hanc
638 1771 805 1814 genetrix
821 1771 949 1804 faciem
968 1770 1138 1803 miserata
1154 1768 1292 1810 refecit,

240 1825 287 1857 Et
306 1824 409 1857 dedit
428 1835 505 1857 csse
524 1824 622 1866 deas,
645 1835 837 1868 aevumque
857 1824 992 1867 agitare
1008 1823 1075 1856 sub
1094 1821 1212 1856 undis

242 1880 293 1911 At
313 1889 404 1921 puer
423 1877 602 1910 Ascanius
622 1888 726 1910 muro
746 1877 923 1920 fos-isque
944 1879 1091 1909 tenetur

239 1930 326 1964 Tela
344 1930 440 1963 inter
459 1929 580 1963 media
597 1932 709 1973 atque
729 1930 918 1963 horrentes
938 1929 1059 1962 Marte
1080 1928 1238 1961 Latinos.

240 1982 327 2017 Jam
346 1983 424 2016 loca
447 1982 551 2027 jussa
571 1986 699 2016 tenent
719 1983 806 2016 forti
825 1983 1029 2027 permixtus
1049 1982 1203 2015 Etrusco

241 2037 354 2070 Arcas
373 2047 504 2080 eques:
534 2035 671 2069 medias
691 2036 762 2069 illis
782 2047 963 2080 opponere
983 2039 1134 2076 turmas,

240 2089 300 2122 Ne
319 2089 445 2122 castris
468 2089 640 2133 jungant,
664 2092 762 2123 certa
780 2092 834 2122 est
853 2089 1036 2122 sententia
1054 2087 1185 2120 Turno.

242 2143 358 2186 Surge
377 2153 454 2185 age,
479 2144 516 2175 et
535 2142 679 2175 Aurora
695 2142 810 2177 socios
829 2142 1000 2176 veniente
1019 2139 1139 2174 vocari

242 2195 389 2228 Primus
408 2195 444 2228 in
465 2206 567 2228 arma
581 2194 685 2238 jube,
708 2198 745 2229 et
765 2195 921 2239 clipeum
946 2205 1045 2238 cape,
1068 2203 1177 2237 quem
1197 2191 1299 2225 dedit
1319 2191 1394 2234 ipse

243 2247 430 2282 Invictum
450 2248 669 2291 ignipotens,
692 2251 803 2292 atque
822 2259 902 2282 oras
917 2246 1045 2281 ambiit
1064 2257 1161 2280 auro.

244 2301 412 2335 Crastina
430 2300 509 2343 lux,
531 2312 612 2334 mea
631 2301 661 2334 si
680 2312 754 2334 non
774 2301 876 2335 irrita
894 2300 992 2334 dicta
1009 2299 1162 2344 putaris,

246 2354 418 2398 Ingentes
439 2353 590 2387 Rutulae
612 2354 791 2397 spectabit
810 2353 919 2387 czedis
932 2351 1114 2387 acerVOS.”

1410 232 1450 252 2⁰6

1408 496 1449 516 ⁴:10

1410 760 1450 780 2¹5

1413 1556 1423 1571 '.'
1426 1553 1453 1572 ἑὼ)

1416 1818 1455 1836 :3⁵

1417 2082 1458 2101 ’.Ὶυ
