1559 2584
137 135 185 171 54

567 144 753 171 VIRGILII
784 143 839 170 GE
846 144 1017 171 ORGICA.

239 231 418 265 Dulcibus
437 231 499 264 illa
519 231 668 275 quidem
686 231 875 274 illecebris,
897 234 935 265 et
954 243 1048 275 saepe
1069 232 1241 276 superbos

239 285 418 318 Cornibus
436 284 533 317 inter
552 296 588 317 se
608 284 743 327 subigit
762 284 953 318 decernere
972 287 1146 321 amantes-

239 338 408 372 Pascitur
425 337 464 370 in
482 339 614 381 magna
632 337 736 380 sylva
755 337 912 371 formosa
926 337 1085 381 juvenca
1102 350 1109 372 :

240 391 302 424 Illi
320 391 543 424 alternantes
562 387 680 423 multa
698 391 736 423 vi
754 390 880 434 praelia
897 391 1050 424 miscent
1221 427 1224 434 ,

240 444 465 477 Vulneribus
484 443 616 476 crebris
636 456 644 484 ;
672 443 764 476 lavit
782 446 860 477 ater
879 455 1026 488 corpora
1045 444 1190 488 sanguis
1207 458 1215 486 ;

239 496 429 541 Versaque
448 497 487 529 in
506 496 659 530 obnixos
677 499 856 540 urgentur
874 508 1009 530 cornua
1028 500 1131 530 vasto

241 550 333 584 Cum
351 549 492 594 gemitu
513 562 520 590 3
548 549 700 583 reboant
719 550 904 594 sylvaeque
924 553 961 583 et
980 550 1110 594 longus
1130 550 1317 594 Olympus,

239 603 320 637 Nec
338 614 416 636 mos
435 603 612 636 bellantes
631 614 706 636 una
724 603 906 637 stabulare
928 616 934 637 :
963 603 1026 636 sed
1045 603 1138 636 alter

240 656 371 690 Victus
390 655 479 698 abit,
497 656 676 699 longeque
695 656 829 700 ignotis
848 656 990 690 exsulat
1010 656 1092 699 oris,

240 709 364 744 Multa
381 720 529 753 gemens
547 709 794 752 ignominiam,
815 709 1012 753 plagasque
1032 709 1179 753 superbi

238 762 413 805 Victoris,
434 764 515 795 tuin
535 773 626 806 quos
645 763 765 796 amisit
784 762 925 796 inultus
944 774 1082 796 amores
1103 776 1111 804 3

239 816 289 850 Et
309 816 452 849 stabula
470 818 658 859 aspectans
676 816 796 859 regnis
815 816 968 849 excessit
987 816 1105 849 avitis.

240 868 338 913 Ergo
357 869 456 902 omni
475 871 562 902 cura
581 868 675 902 vires
694 871 850 912 exercet,
872 872 909 902 et
928 869 1024 902 inter

239 922 343 956 Dura
357 922 456 966 jacet
475 933 613 965 pernox
631 922 787 956 instrato
806 933 892 956 saxa
911 920 1035 965 cubili,

240 975 448 1010 Frondibus
466 975 616 1008 hirsutis
635 978 671 1009 et
691 975 803 1009 carice
822 978 947 1019 pastus
966 977 1074 1009 acuta
1091 988 1100 1017 ;

240 1028 290 1062 Et
308 1031 430 1062 tentat
449 1040 537 1072 sese,
559 1031 669 1072 atque
688 1028 793 1062 irasci
810 1029 850 1062 in
869 1040 1004 1062 cornua
1022 1028 1130 1062 discit

239 1081 390 1115 Arboris
410 1082 566 1115 obnixus
584 1084 726 1124 trunco,
749 1084 950 1126 ventosque
969 1082 1111 1115 lacessit

239 1135 394 1176 Ictibus,
416 1138 453 1168 et
473 1138 595 1178 sparsa
613 1135 659 1168 ad
678 1146 839 1178 pugnam
856 1135 1019 1179 proludit
1038 1137 1158 1170 arena.

240 1187 343 1231 Post,
365 1188 430 1221 ubi
449 1188 640 1221 collectum
659 1188 770 1234 robur
788 1188 954 1231 viresque
973 1192 1140 1232 receptae,

241 1241 352 1285 Signa
370 1243 506 1283 movet,
528 1252 760 1285 praecepsque
779 1241 935 1274 oblitum
953 1241 1071 1274 fertur
1089 1242 1127 1274 111
1146 1241 1288 1275 hostem
1309 1254 1316 1276 :

240 1294 394 1328 Fluctus
413 1296 456 1327 ut
475 1294 513 1327 in
532 1293 652 1327 medio
672 1294 782 1338 coepit
801 1306 917 1338 quum
935 1294 1113 1328 albescere
1133 1297 1258 1338 ponto,

239 1347 400 1391 Longius
420 1359 466 1380 ex
485 1347 633 1391 altoque
653 1347 772 1380 sinum
791 1347 906 1381 trahit
926 1360 934 1389 ;
963 1350 1077 1391 utque
1096 1348 1244 1381 volutus

239 1401 301 1435 Ad
319 1403 445 1443 terras,
467 1400 625 1434 immane
645 1403 750 1434 sonat
768 1412 832 1444 per
851 1412 950 1444 saxa,
973 1412 1039 1434 nec
1058 1401 1135 1445 ipso

239 1453 369 1487 Monte
388 1454 508 1487 minor
526 1453 732 1497 procumbit
751 1467 759 1494 3
788 1456 826 1487 at
845 1453 918 1487 ima
937 1457 1116 1487 exaestuat
1135 1454 1235 1487 unda

239 1506 464 1550 Vorticibus,
487 1507 699 1551 nigramque
718 1507 791 1540 alte
811 1507 991 1551 subjectat
1011 1519 1168 1541 arenam.

294 1561 410 1594 Omne
429 1560 519 1594 adeo
537 1572 652 1603 genus
670 1560 707 1593 in
727 1560 833 1593 terris
851 1560 1112 1604 hominumque
1131 1561 1374 1606 ferarumque,

239 1613 289 1648 Et
308 1625 421 1657 genus
440 1625 662 1657 aequoreum,
684 1613 852 1657 pecudes,
874 1613 1054 1658 pictaeque
1073 1614 1248 1657 volucres,

240 1667 286 1700 In
305 1667 418 1700 finias
436 1667 629 1710 ignemque
648 1669 763 1700 ruunt
783 1679 789 1701 ε
818 1678 919 1700 amor
937 1667 1105 1700 omnibus
1124 1667 1230 1701 idem.

240 1720 415 1764 Tempore
435 1732 507 1753 non
526 1721 597 1753 alio
617 1720 818 1753 catulorum
838 1720 952 1753 oblita
969 1720 1084 1754 leaena

241 1772 382 1807 Saevior
401 1774 535 1806 erravit
554 1773 688 1817 campis
706 1785 712 1807 :
741 1784 808 1806 nec
826 1771 955 1807 funera
974 1773 1083 1817 vulgo

240 1827 328 1860 Tam
348 1827 466 1860 multa
484 1826 657 1860 informes
676 1826 752 1860 ursi
771 1829 1001 1871 stragemque
1021 1827 1152 1860 dedere

240 1880 312 1914 Per
330 1880 449 1923 sylvas
468 1892 474 1914 :
503 1883 585 1913 tum
605 1891 722 1913 saevus
741 1891 838 1923 aper,
860 1883 941 1914 tum
961 1880 1112 1923 pessima
1132 1880 1235 1924 tigris
1252 1892 1260 1915 z

240 1933 327 1967 Heu
343 1935 350 1967 l
380 1934 474 1966 male
492 1935 573 1966 tum
592 1933 717 1976 Libyae
737 1933 821 1966 solis
841 1936 981 1967 erratur
998 1933 1037 1966 in
1056 1934 1158 1977 agris.

241 1986 376 2020 Nonne
395 1987 509 2029 vides,
532 1989 574 2019 ut
593 1989 672 2019 tota
690 1989 826 2019 tremor
843 1988 1028 2030 pertentet
1047 1998 1225 2030 equorum

242 2040 411 2083 Corpora,
434 2040 464 2072 si
482 2042 630 2073 tantum
649 2042 755 2072 notas
775 2040 865 2073 odor
884 2040 1012 2073 attulit
1032 2051 1137 2073 auras
1153 2040 1164 2073 2

240 2095 295 2127 Ac
314 2104 432 2137 neque
452 2104 511 2126 eos
526 2093 604 2136 jam
623 2093 738 2126 fraena
756 2092 890 2135 virum,
913 2104 1031 2136 neque
1050 2093 1199 2126 verbera
1218 2104 1326 2134 saeva,

241 2146 328 2179 Non
349 2146 499 2190 scopuli,
523 2157 703 2190 rupesque
723 2157 833 2189 cavae,
855 2148 965 2189 atque
986 2146 1128 2190 objecta
1147 2147 1333 2180 retardant

239 2198 422 2242 Flumina,
444 2202 626 2242 correptos
644 2199 742 2232 unda
762 2199 971 2243 torquentia
988 2202 1140 2233 montes.

240 2252 323 2296 Ipse
342 2253 429 2295 ruit,
452 2252 653 2296 dentesque
674 2252 871 2286 Sabellicus
891 2252 1034 2286 exacuit
1053 2263 1126 2296 sus,

239 2304 289 2338 Et
308 2306 399 2349 pede
419 2305 621 2349 prosubigit
639 2308 786 2348 terram,
809 2305 913 2339 fricat
934 2305 1058 2339 arbore
1078 2308 1207 2348 costas,

240 2359 366 2402 Atque
386 2358 470 2391 hinc
490 2360 600 2402 atquc
620 2358 721 2392 illinc
740 2358 910 2391 humeros
929 2358 975 2392 ad
995 2358 1147 2392 vulnera
1165 2359 1284 2393 durat.

241 2411 337 2452 Quid
353 2411 512 2455 juvenis,
534 2423 706 2454 magnum
726 2411 785 2445 cui
803 2414 923 2445 versat
942 2411 980 2445 in
1000 2411 1139 2445 ossibus
1158 2412 1277 2456 ignem

1415 919 1457 940 2³0

1416 1184 1456 1205 235

1415 1453 1456 1473 2⁴0

1414 1718 1455 1741 545

1416 1984 1457 2005 250

1414 2250 1454 2271 251⁶
