1528 2569
642 82 777 110 Lmen
806 81 866 109 ix.
1341 79 1414 113 163

203 171 376 216 Eripere?
402 182 450 205 an
467 182 544 204 sese
563 169 701 203 medios
719 168 916 202 moriturus
934 166 974 200 in
991 166 1114 200 hostes
1367 165 1408 186 ‘¹⁰⁰

203 224 357 268 luserat,
378 226 415 258 et
432 223 623 268 pulchram
640 224 808 266 properet
826 232 890 264 per
908 219 1059 253 vulnera
1076 220 1228 253 mortem
1246 218 1259 254 2

203 276 324 321 Ocyus
342 276 502 310 adducto
520 279 696 319 torquens
712 274 843 308 hastile
861 273 1007 314 lacerto,

204 329 410 374 Suspiciens
428 329 541 363 altam
559 328 712 366 Lunam,
734 326 784 356 sio
804 334 889 356 voce
907 326 1075 367 precatur
1095 336 1102 359 z

206 382 299 416 “Tu
318 383 407 420 Dea,
430 384 472 410 tu
490 388 649 420 praesens
667 378 792 409 nostro
811 387 977 409 succurre
995 376 1123 420 labori,

202 431 396 463 Astrorum
414 429 534 473 decus,
558 431 596 462 et
614 440 804 462 nemorum
823 428 976 462 Latonia
996 431 1116 463 custos
1133 441 1140 464 ε
1368 427 1410 448 ⁴⁰⁵

203 481 242 515 Si
261 493 332 526 qua
349 482 424 516 tuis
442 494 603 526 unquam
623 493 688 526 pro
706 493 764 515 me
782 484 885 525 pater
903 481 1091 525 Hyrtacus
1109 481 1180 516 aris

202 534 310 569 Dona
327 535 415 569 tulit
435 548 443 576 ς
472 535 503 568 si
521 546 594 580 qua
612 535 688 578 ipse
706 534 796 568 meis
814 535 1007 568 venatibus
1025 535 1125 578 auxi,

205 587 429 632 Suspendive
447 588 562 631 tholo,
584 590 649 621 aut
667 599 766 621 sacra
785 587 832 621 ad
850 587 994 631 fastigia
1012 587 1079 621 fixi
1098 601 1106 629 ;

203 639 316 674 Hunc
333 640 410 675 sine
429 652 485 674 me
503 641 651 674 turbare
670 638 830 684 globum,
853 642 890 674 et
909 651 991 684 rege
1009 641 1084 674 tela
1103 652 1166 685 per
1185 653 1298 676 auras.
1307 641 1327 657 '’

203 692 357 727 Dixerat
374 706 382 735 ;
411 695 460 736 et,
482 696 562 727 toto
581 693 758 727 connixus
777 704 935 736 corpore,
958 693 1093 727 ferrum
1372 692 1412 712 ⁴¹⁰

205 745 362 790 Conjicit
380 758 387 780 ε
417 746 522 780 hasta
539 746 667 779 volans
685 757 733 778 no
740 745 802 779 :tis
821 745 1028 778 diverberat
1047 745 1206 790 umbras,

203 798 254 832 Et
273 798 374 832 venit
392 798 509 832 aversi
526 798 566 832 in
584 801 728 842 tergum
748 798 944 841 Sulmonis,
965 797 1089 841 ibique

204 850 412 895 Frangitur,
434 863 474 885 ac
493 851 576 885 fisso
594 851 727 885 transit
745 851 943 895 praecordia
961 849 1070 894 ligno.

205 903 378 938 Volvitur
395 904 468 948 ifle,
490 915 642 938 vomens
661 903 818 937 calidum
838 903 883 937 de
902 906 1046 947 pectore
1064 904 1214 948 flumen,

205 956 386 1001 Frigidus,
408 959 445 991 et
463 957 580 1001 longis
599 957 819 1000 singultibus
837 956 900 990 ih'a
917 956 1048 1000 pulsat.
1373 956 1415 976 ⁴¹5

203 1009 348 1044 Diversi
368 1009 663 1054 circumspiciunt
687 1022 694 1044 :
722 1009 791 1043 hoc
809 1009 923 1043 acrior
941 1009 1038 1043 idem

204 1061 296 1096 Ecce
315 1063 416 1096 aliud
434 1065 577 1096 summa
595 1062 710 1096 telum
728 1062 884 1096 librabat
904 1062 950 1096 ab
968 1074 1054 1096 aure
1071 1074 1079 1097 ε

205 1114 305 1148 Dum
323 1115 519 1160 trepidant,
543 1115 586 1149 iit
605 1116 711 1149 hasta
730 1116 826 1159 Tago
845 1127 909 1159 per
926 1117 1072 1159 tempus
1092 1117 1291 1160 utrumque

207 1167 383 1211 Stridens,
405 1168 632 1212 trajectoque
651 1168 714 1202 hae.
728 1168 759 1201 it
777 1168 959 1212 tepefacta
978 1168 1132 1202 cerebro.

206 1220 321 1255 Saevit
340 1224 445 1255 atrox
464 1221 653 1264 Volscens,
674 1233 741 1255 nec
759 1221 826 1255 teli
845 1220 1019 1264 conspicit
1038 1233 1194 1265 usquam
1376 1220 1418 1240 ⁴¹⁰

205 1274 417 1317 Auctorem,
439 1286 506 1307 nec
525 1286 598 1318 quo
617 1286 654 1307 se
673 1274 804 1308 ardens
822 1273 1019 1307 immittere
1038 1274 1152 1318 possit
1169 1288 1178 1317 ;

210 1327 235 1344 “
249 1326 304 1360 Tu
322 1329 447 1360 tamen
465 1327 605 1361 interea
623 1327 739 1360 calido
757 1327 849 1360 mihi
867 1327 1042 1370 sanguine
1060 1339 1187 1370 poenas

206 1376 397 1413 Persolves
416 1380 643 1423 amborum‚''
665 1379 786 1424 inquit
807 1392 813 1414 z
843 1379 952 1413 simul
971 1391 1055 1413 ense
1073 1380 1214 1414 recluso

207 1431 293 1465 Ibat
312 1432 350 1465 in
369 1432 579 1476 Euryalum.
641 1432 734 1466 Tum
753 1443 838 1466 vero
857 1432 1066 1476 exterritus,
1089 1444 1214 1466 amens

208 1484 418 1518 Conclamat
438 1485 475 1518 N
478 1485 551 1519 isus
568 1498 578 1526 ;
606 1496 672 1518 nec
692 1497 729 1518 se
748 1485 861 1518 celare
880 1485 1040 1518 tenebris
1379 1484 1419 1504 ⁴²⁵

206 1537 387 1581 Amplius,
410 1540 474 1571 aut
493 1540 642 1572 tantum
659 1537 781 1582 potuit
800 1538 959 1581 perferre
979 1538 1141 1571 dolorem
1163 1551 1170 1573 :

210 1591 236 1608 “
249 1590 324 1633 Me,
346 1602 404 1624 me
424 1590 567 1635 (adsum
587 1591 651 1635 qui
669 1591 766 1635 feei),
788 1591 827 1624 in
846 1602 904 1624 me
924 1591 1125 1624 convertite
1143 1592 1292 1635 sermm,

207 1642 238 1676 O
258 1643 402 1686 Rutuli,
424 1655 504 1677 mea
522 1644 622 1677 fraus
641 1643 758 1677 omnis
779 1656 785 1678 :
814 1643 907 1677 nihil
925 1643 994 1677 iste
1012 1655 1079 1677 nec
1098 1656 1218 1688 ausus,

206 1694 287 1729 Nec
306 1696 428 1740 potuit
447 1709 452 1730 :
483 1696 615 1730 coelum
634 1696 702 1730 hoc
721 1699 758 1730 et
778 1696 920 1730 conscia
938 1696 1055 1730 sidera
1073 1699 1188 1731 testor
1209 1710 1215 1732 :

207 1748 367 1782 Tantum
385 1749 567 1782 infelicem
585 1749 741 1782 nimium
760 1749 889 1782 dilexit
908 1749 1102 1783 amicum.’'
1379 1748 1422 1768 ⁴³⁰

208 1800 308 1834 Talia
328 1801 426 1835 dicta
444 1801 554 1835 dabat
573 1815 580 1836 z
609 1801 672 1835 sed
692 1802 831 1835 viribus
851 1801 945 1835 ensis
964 1802 1115 1835 adactus

208 1853 413 1887 Transabiit
433 1856 561 1897 costas,
583 1856 620 1888 et
639 1854 793 1888 candida
811 1857 958 1898 pectora
976 1855 1122 1898 rumpit.

208 1906 384 1940 Volvitur
402 1907 583 1950 Eiuyalus
602 1907 689 1950 leto,
710 1907 952 1951 pulchrosque
971 1919 1035 1951 per
1053 1910 1155 1941 artus

208 1959 246 1992 It
266 1970 384 2002 cruor,
406 1960 517 2003 inque
537 1960 705 1993 humeros
725 1960 848 1993 cervix
868 1960 1025 2004 collapsa
1043 1961 1223 1995 recumbit
1242 1973 1250 1996 :

208 2011 418 2055 Purpureus
438 2012 554 2046 veluti
573 2024 688 2056 quum
706 2012 772 2046 fios
792 2013 950 2046 succisus
969 2016 1089 2047 aratro
1381 2012 1421 2032 ⁴³³

207 2064 427 2108 Languescit
447 2065 604 2099 moriens
623 2078 632 2107 ;
660 2065 800 2099 lassove
819 2077 1000 2109 papavera
1019 2066 1110 2100 collo

206 2116 393 2151 Demisere
413 2120 535 2162 caput,
557 2118 684 2162 pluvia
704 2129 818 2162 quum
837 2118 932 2152 forte
950 2121 1160 2162 gravantur.

210 2171 261 2204 At
281 2169 397 2204 Nisus
415 2171 490 2204 ruit
508 2171 547 2204 in
562 2171 712 2214 medios,
735 2171 926 2214 solumque
944 2183 1009 2215 per
1027 2183 1152 2206 omnes

207 2221 446 2257 Volscentem
465 2224 558 2268 petit
575 2237 583 2264 ;
612 2224 649 2257 in
669 2224 745 2258 solo
764 2223 960 2258 Volscente
980 2227 1143 2258 moratur
1163 2237 1170 2259 ε

208 2274 329 2316 Quem
349 2276 483 2310 circum
501 2277 693 2320 glomerati
711 2276 835 2310 hostes
853 2277 939 2311 hinc
958 2277 1121 2311 cominus
1140 2280 1251 2321 atque
1269 2278 1355 2312 hinc
1383 2276 1423 2296 ⁴⁴⁰

209 2327 448 2364 Proturbant.
512 2330 632 2364 Instat
653 2341 725 2363 non
746 2328 903 2374 segnius,
926 2341 968 2364 ac
986 2332 1083 2364 rotat
1103 2342 1221 2364 cnscw
