1528 2569
663 108 797 135 Lmen
827 108 904 136 ΧΠ.
1363 99 1442 137 229

237 195 433 239 Terribilis,
456 207 589 230 scevam
608 196 711 230 nullo
731 196 937 230 discrimine
956 195 1091 230 caedem

238 249 410 292 Suscitat,
432 248 641 293 irarumque
661 260 784 282 omnes
804 249 959 282 effundit
977 249 1144 283 habenas.

290 301 379 342 Quis
398 301 489 334 mihi
507 313 604 335 nunc
624 304 681 335 tot
701 302 829 335 acerba
848 302 961 345 Deus,
984 302 1066 345 quis
1085 299 1242 334 carmine
1262 300 1378 334 caedes
1405 299 1446 319 ⁵⁰⁰

236 353 419 397 Diversas,
441 354 652 398 obitumque
672 354 820 397 ducum,
843 366 933 398 quos
952 365 1096 398 aequore
1113 356 1194 387 toto

237 406 356 450 Inque
374 407 491 440 vicem
510 418 608 440 nunc
627 407 771 440 Turnus
791 407 877 450 agit,
899 418 998 440 nunc
1017 407 1144 440 Troius
1167 406 1281 450 heros,

237 457 445 503 Expediat?
472 459 614 493 tanton’
635 459 772 503 placuit
792 471 1001 492 concurrere
1020 462 1137 503 motu,

236 511 398 555 Jupiter,
420 514 558 545 aeterna
577 515 702 556 gentes
720 512 759 545 in
777 523 863 555 pace
882 512 1051 546 futuras?

238 565 376 598 AEneas
396 565 579 598 Rutulum
599 565 795 598 Sucronem
816 564 872 609 (ea
890 565 1007 608 prima
1025 566 1173 598 ruentes
1406 562 1448 582 ⁵⁰⁵

237 617 369 661 Pugna
388 618 466 651 loeo
486 618 618 651 statuit
637 617 805 661 Teucros)
825 617 924 650 haud
943 618 1061 651 multa
1079 620 1242 651 moratus

238 669 385 714 Excipit
403 670 441 703 in
460 670 568 712 latus,
590 673 639 713 et,
663 681 736 713 qua
753 671 831 703 fata
850 670 1045 713 celerrima,
1068 670 1219 703 crudum

242 723 472 766 Transadigit
492 725 608 756 costas
627 725 664 756 et
684 725 798 756 crates
817 723 971 766 pectoris
991 734 1123 756 ensem.

241 775 386 808 Turnus
405 787 499 819 equo
519 775 704 819 dejectum
723 775 917 818 Amycum,
939 776 1161 819 fratremque
1179 774 1341 818 Diorem,

241 828 461 871 congressus
479 828 602 872 pedeS,
623 828 721 861 hunc
740 828 948 861 venientem
967 828 1115 871 cuspide
1134 828 1254 871 longa,
1409 825 1451 845 ⁵¹⁰

241 881 353 914 Hunc
371 892 542 914 mucrone
561 880 646 914 ferit
667 893 673 914 :
704 892 885 924 curruque
905 880 1060 914 abscissa
1079 880 1237 914 duorum

241 933 440 977 Suspendit
460 933 590 977 capita,
612 936 649 966 et
667 933 828 966 rorantia
847 933 1021 977 sanguine
1040 936 1171 977 portat.

241 986 309 1020 Ille
330 986 443 1019 Talon
462 986 684 1030 Tanaimque
704 986 795 1029 neci,
818 986 1023 1030 fortemque
1044 986 1256 1030 Cethegum,

242 1039 329 1072 Tres
347 1050 420 1073 uno
437 1051 640 1083 congressu,
663 1041 700 1073 et
719 1041 892 1072 moestum
911 1039 1028 1072 mittit
1049 1039 1205 1082 Onyten.

243 1092 389 1125 Nomen
408 1092 638 1135 Echionium,
660 1092 860 1136 matrisque
879 1103 994 1135 genus
1014 1092 1170 1125 Peridiae
1188 1103 1195 1126 ε
1411 1088 1452 1108 ⁵¹⁵

242 1145 316 1178 Hic
335 1146 464 1178 fratres
484 1145 596 1189 Lycia
615 1145 742 1178 missos
768 1147 804 1178 et
824 1144 1004 1188 Apollinis
1024 1144 1130 1188 agris,

242 1198 292 1231 Et
308 1198 481 1241 juvenem
501 1209 650 1231 exosum
670 1197 913 1241 nequicquam
932 1197 1028 1231 bella
1047 1197 1239 1231 Menoeten

243 1250 386 1284 Arcada
404 1263 411 1284 ε
440 1250 586 1294 piscosae
606 1251 664 1284 cui
684 1250 817 1284 circum
837 1250 988 1284 flumina
1006 1249 1133 1284 Lernae

243 1304 314 1337 Ars
333 1303 466 1346 suerat,
489 1315 697 1348 pauperque
716 1303 846 1337 domus
864 1316 872 1344 ;
900 1315 966 1337 nec
985 1305 1075 1336 nota
1095 1305 1294 1347 potentum

244 1356 414 1399 Munera,
437 1356 688 1400 conductaque
707 1358 811 1400 pater
829 1356 961 1390 tellure
981 1356 1133 1390 serebat.
1413 1352 1454 1372 ⁵²⁰

243 1410 299 1442 Ac
317 1409 420 1442 velut
439 1409 591 1442 immissi
610 1409 762 1442 diversis
781 1408 944 1452 partibus
963 1408 1064 1452 ignes

243 1462 422 1496 Arentem
441 1462 479 1507 in
499 1462 652 1505 sylvam,
675 1464 711 1495 et
730 1462 889 1505 virgulta
908 1462 1075 1495 sonantia
1093 1461 1197 1495 lauro
1213 1474 1222 1504 3

243 1515 322 1548 Aut
342 1515 405 1548 ubi
425 1515 580 1548 decursu
598 1514 726 1558 rapido
746 1514 791 1548 de
810 1515 997 1548 montibus
1017 1514 1100 1548 altis

245 1567 347 1601 Dant
367 1568 527 1601 sonitum
547 1566 708 1611 spumosi
727 1579 863 1610 amnes,
887 1570 924 1601 et
942 1568 980 1600 in
1000 1579 1146 1611 aequora
1165 1569 1328 1610 currunt,

246 1619 408 1664 Quisque
428 1632 534 1654 suum
553 1620 747 1664 populatus
766 1621 836 1654 iter
855 1633 862 1655 t
892 1632 966 1653 non
987 1620 1131 1664 segnius
1150 1620 1256 1653 ambo
1414 1617 1456 1637 ⁵³⁵

246 1673 384 1707 AEneas
404 1673 619 1717 Turnusque
638 1676 752 1706 ruunt
771 1685 835 1717 per
853 1673 978 1717 praelia
995 1686 1003 1714 ;
1031 1685 1141 1716 nunc,
1163 1684 1262 1707 nunc

245 1726 420 1759 Fluctuat
438 1727 490 1759 ira
509 1726 609 1759 intus
627 1740 634 1764 ς
662 1729 886 1769 rumpuntur
905 1726 1024 1759 nescia
1042 1726 1139 1759 vinci

246 1778 401 1812 Pectora
418 1792 426 1821 ;
455 1790 553 1812 nunc
571 1778 659 1812 totis
678 1778 716 1811 in
736 1779 888 1812 vulnera
906 1778 1045 1812 viribus
1063 1778 1148 1812 itur,

247 1831 467 1865 Murranum
485 1832 555 1874 hic,
579 1834 705 1865 atavos
724 1834 762 1865 et
781 1843 931 1865 avorum
950 1831 1103 1875 antiqua
1122 1833 1312 1865 sonantem

248 1884 422 1927 Nomina,
444 1896 509 1928 per
527 1896 700 1928 regesque
719 1887 841 1918 actum
860 1896 973 1928 genus
993 1895 1099 1917 omne
1118 1883 1280 1927 Latinos,
1418 1881 1461 1902 ⁵³⁵⁰

247 1937 478 1981 Przecipitem
499 1937 645 1981 scopulo
665 1939 775 1981 atque
794 1937 952 1980 ingentis
971 1937 1117 1970 turbine
1137 1937 1216 1970 saxi

247 1989 411 2032 Excutit,
435 1990 664 2034 effunditque
680 1990 755 2023 solo
776 2003 784 2032 ;
812 1990 910 2023 hunc
928 1990 1004 2022 lora
1023 1992 1060 2023 et
1076 1989 1165 2033 juga
1184 1989 1310 2023 subter

248 2043 467 2076 Provolvere
487 2046 588 2085 rotae,
612 2043 735 2076 crebro
755 2054 863 2086 super
880 2043 1018 2086 ungula
1037 2043 1145 2086 pulsu

249 2095 370 2129 Incita
388 2108 454 2129 nec
473 2096 612 2129 domini
630 2107 833 2129 memorum
852 2095 1036 2139 proculcat
1056 2106 1246 2139 equorum.

250 2148 318 2182 Ille
337 2149 460 2182 ruenti
479 2149 605 2192 Hyllo,
630 2148 833 2192 animisque
852 2149 1010 2181 immane
1029 2147 1212 2190 frementi,
1421 2145 1463 2166 ⁵³⁵

251 2201 428 2244 Occurrit,
450 2202 639 2245 telumque
660 2204 788 2234 aiu'ata
806 2201 853 2235 ad
872 2204 1037 2244 tempora
1055 2203 1204 2244 torquet
1221 2212 1228 2235 ε

251 2253 323 2287 Olli
342 2265 405 2297 per
422 2255 562 2298 galeam
580 2254 653 2287 fixo
673 2254 777 2288 stetit
795 2254 900 2287 hasta
919 2253 1072 2289 cerebro.

250 2306 413 2341 Dextera
431 2319 497 2341 nec
515 2310 580 2341 tua
598 2309 646 2350 te,
671 2306 823 2340 Graium
841 2306 1037 2340 fortissime
1058 2305 1202 2350 Creten,

252 2359 397 2403 Eripuit
417 2360 539 2394 Tur-no
558 2373 567 2402 ;
595 2371 662 2393 nec
680 2359 729 2393 Di
747 2360 870 2394 texere
890 2359 1114 2404 Cupencum,
