1559 2584
124 89 175 126 24

594 97 780 125 VIRGILH
809 96 964 124 AENEIS.

228 186 278 221 Et
296 197 406 230 nunc,
429 185 528 230 quod
545 185 681 230 patrias
700 187 812 219 vento
830 184 966 229 petiere
985 184 1174 231 Mycenas,

230 241 341 274 Arma
362 239 532 283 Deosque
550 240 682 282 parant
701 238 863 281 comites,
883 238 1082 283 pelagoque
1101 250 1266 274 remenso

230 292 425 337 Improvisi
442 292 607 326 aderunt.
670 291 729 325 [ta
747 291 879 335 digerit
898 291 1020 326 omina
1039 291 1198 328 Calchas.

230 346 339 380 Hanc
357 357 422 389 pro
442 345 608 378 Palladio
626 344 770 387 moniti,
792 355 857 388 pro
876 344 1026 378 numine
1045 345 1143 389 laeso,

230 399 395 442 Effigiem
415 398 587 441 statuere,
609 397 711 431 nefas
731 409 813 441 quae
832 397 938 431 triste
956 398 1081 442 piaret.

230 452 338 486 Hanc
356 454 481 485 tamen
499 451 714 484 immensam
734 451 883 484 Calchas
902 451 1068 484 attollere
1087 451 1221 486 molem

230 504 438 540 Roboribus
457 504 571 537 textis
590 517 597 545 ;
626 504 789 548 coeloque
809 503 961 537 educere
976 503 1100 548 jussit,

231 558 291 592 Ne
309 557 420 601 recipi
438 558 552 601 portis
572 560 638 590 aut
657 556 742 590 duci
759 557 798 590 in
817 557 952 590 moenia
971 557 1085 600 possit
1101 569 1110 599 3

232 611 318 645 Neu
336 611 513 655 populum
532 610 686 653 antiqua
706 610 773 643 s'ib
791 610 965 654 religione
983 610 1088 644 tueri.

231 664 330 698 Nam
350 664 379 697 si
398 666 519 697 vestra
537 675 667 697 manus
686 663 858 696 violasset
878 663 974 697 dona
993 663 1184 707 Minervae,

232 718 326 751 Tum
344 728 518 761 magnum
537 717 691 750 exitium
713 716 824 760 (quod
845 716 895 750 Di
913 716 1013 760 prius
1033 728 1139 750 omen
1157 717 1196 750 in
1215 717 1334 761 ipsum

229 771 454 805 Convertant
472 770 494 816 ἕ)
515 770 651 803 Priami
668 770 820 813 imperio
839 769 1119 814 Phrygibusque
1138 770 1305 804 futmum
1325 782 1332 805 :

230 823 295 858 Sin
314 823 482 857 manibus
500 823 629 856 vestris
647 825 806 856 vestram
825 823 1044 856 ascendisset
1062 823 1100 856 in
1119 823 1259 867 urbem,

229 875 339 911 Ultro
358 877 485 910 Asiam
503 887 634 920 niagno
654 875 811 919 Pelopea
829 876 876 909 ad
897 876 1028 909 moenia
1049 876 1144 909 bello

229 929 449 973 Venturam,
472 932 509 963 et
527 932 670 963 nostros
689 941 730 962 ea
749 929 825 963 fata
844 941 990 962 manere
1008 929 1196 973 nepotes.'’

230 983 379 1017 Talibus
396 983 537 1016 insidiis
556 982 765 1026 perjurique
785 984 862 1015 arte
883 981 1028 1015 Sssnonis

231 1036 378 1071 Credita
395 1047 452 1069 res
470 1049 477 1077 3
507 1036 675 1079 captique
694 1035 787 1068 dolis
805 1035 1046 1079 lacrymisque
1065 1035 1192 1080 coacti,

231 1089 331 1131 Quos
348 1101 467 1133 neque
487 1089 657 1132 Tydides,
679 1099 746 1122 nec
765 1087 961 1121 Larissaeus
982 1088 1154 1131 Achilles,

231 1143 317 1177 Non
337 1143 424 1176 anni
442 1142 614 1176 domuere
634 1141 771 1185 decem,
791 1152 866 1174 non
885 1141 984 1174 mille
1004 1141 1143 1175 carinae.

283 1196 357 1229 Hic
375 1195 475 1229 aliud
494 1195 613 1239 majus
632 1195 770 1228 miseris
788 1194 979 1238 multoque
998 1194 1229 1229 tremendum

230 1249 414 1293 Objicitur
431 1249 556 1292 magis,
580 1250 690 1292 atque
708 1248 913 1292 improvida
931 1250 1076 1291 pectora
1094 1249 1229 1283 turbat.

230 1303 408 1345 Laocoon,
431 1302 564 1336 duetus
585 1301 761 1345 Neptuno
781 1304 877 1335 sorte
897 1301 1074 1344 sacerdos,

231 1356 417 1389 solemnes
435 1358 583 1389 taurum
601 1355 787 1398 ingentem
805 1354 989 1388 mactabat
1008 1354 1053 1388 ad
1073 1366 1165 1388 aras.

230 1409 323 1443 Ecce
341 1410 464 1443 autem
483 1408 618 1452 gemini
637 1419 659 1441 a
678 1408 822 1441 Tenedo
840 1410 920 1441 tran
927 1407 1040 1451 quilla
1058 1419 1122 1451 per
1141 1408 1216 1442 alta

230 1462 426 1507 (Horresco
444 1461 617 1507 referens)
636 1454 822 1494 immensis
841 1461 990 1494 orbibus
1009 1472 1145 1505 angues

230 1515 457 1549 Incumbunt
474 1515 613 1558 pslago,
635 1514 842 1557 pariterque
861 1514 907 1547 ad
927 1513 1052 1547 littora
1070 1513 1230 1547 tendunt
1251 1525 1259 1549 ε

231 1569 386 1602 Pectora
405 1579 560 1612 quorum
579 1567 676 1600 inter
695 1567 827 1600 fluctus
847 1570 998 1610 arrecta,
1015 1566 1190 1610 jubaeque

230 1621 446 1665 Sanguineae
465 1623 686 1664 exsuperant
705 1620 823 1653 undas
840 1632 847 1661 ;
877 1631 959 1663 pars
979 1622 1098 1652 cetera
1116 1622 1271 1663 pontum

229 1675 332 1709 Pone
350 1674 452 1718 legit,
473 1674 669 1717 sinuatque
687 1673 864 1706 immensa
882 1672 1066 1705 volumine
1085 1675 1195 1716 terga.

229 1728 291 1762 Fit
312 1728 452 1761 sonitus
471 1729 664 1771 spumante
684 1726 758 1759 salo
778 1738 785 1760 ε
810 1725 961 1769 jamque
980 1736 1067 1759 arva
1085 1726 1273 1770 tenebant,

230 1781 485 1824 Ardentesque
505 1780 628 1817 oculos
647 1779 788 1812 suffecti
807 1779 982 1822 sanguine
1001 1781 1039 1812 et
1057 1778 1145 1822 igni,

229 1834 343 1868 Sibila
361 1833 572 1867 lambebant
590 1832 724 1876 linguis
743 1831 974 1870 vibrantibus
992 1843 1062 1866 ora.

228 1887 450 1931 Diffugimus
468 1887 549 1920 visu
565 1897 775 1929 exsangues.
836 1885 897 1918 Illi
915 1885 1058 1929 agmine
1078 1887 1175 1918 certo

229 1940 437 1974 Laocoonta
455 1942 588 1984 petunt
609 1952 615 1974 :
645 1941 682 1972 et
701 1939 858 1982 primum
877 1949 989 1982 parva
1007 1937 1164 1971 duorum

229 1993 386 2038 Corpora
404 1996 575 2027 natorum
594 2004 739 2037 serpens
758 1992 948 2036 amplexus
966 1994 1122 2035 uterque

229 2046 410 2091 Implicat,
433 2049 470 2080 et
490 2047 638 2080 miseros
657 2057 779 2079 morsu
799 2045 1006 2089 depascitur
1024 2047 1135 2078 artus.

228 2100 318 2135 Post
337 2100 457 2145 ipsum
476 2099 612 2133 auxilio
632 2099 850 2132 subeuntem
869 2110 911 2131 ac
928 2097 1004 2131 tela
1021 2097 1200 2131 ferentem

228 2153 438 2197 Corripiunt
458 2153 635 2197 spirisque
654 2152 769 2196 ligant
787 2151 997 2195 ingentibus
1015 2163 1022 2184 :
1051 2152 1088 2184 et
1103 2149 1180 2193 jam

227 2206 291 2240 Bis
310 2206 472 2240 medium
491 2205 661 2250 amplexi,
684 2205 739 2238 bis
759 2205 850 2238 eollo
869 2215 1041 2248 squamea
1059 2203 1193 2236 circum

227 2260 341 2303 Terga
360 2259 449 2302 dati,
471 2262 645 2303 superant
664 2258 780 2302 capite
800 2260 837 2291 et
856 2256 1054 2291 cervicibus
1073 2255 1169 2290 altis.

227 2313 296 2346 Ille
316 2312 424 2346 simul
443 2312 611 2346 manibus
630 2312 752 2345 tendit
772 2311 943 2345 divellere
963 2309 1090 2353 nodos,

226 2365 403 2400 Perfusus
421 2365 520 2399 sanie
540 2365 652 2399 vittas
672 2372 823 2415 annoque
841 2379 981 2404 veneno
1001 2379 1010 2410 ;

1399 184 1440 205 18⁴)

1402 450 1442 471 185

1401 714 1441 734 190

1402 979 1442 1000 195

1401 1245 1443 1266 200

1402 1512 1442 1532 ‘205

1401 2041 1442 2063 215
