1559 2584
115 97 168 133 (38

595 106 781 133 VIRGILH
811 105 965 134 AENEIS.

220 194 320 228 Hinc
338 194 429 228 mihi
448 194 625 238 Massylae
644 193 762 237 gentis
780 196 984 228 monstrata
1002 194 1180 240 sacerdos,

219 247 466 292 Hesperidum
485 247 613 291 templi
632 249 765 290 custos,
789 247 986 291 epulasque
1006 247 1154 282 draconi

221 301 311 342 Quae
331 301 454 343 dabat,
478 302 514 334 et
534 312 651 334 sacros
671 300 839 334 servabat
857 301 895 334 in
915 300 1042 334 arbore
1061 313 1192 345 ramOS,

221 354 400 399 Spargens
419 353 571 387 humida
589 353 698 387 mella
716 353 1028 398 soporiferumque
1047 366 1214 398 papaver.

220 407 313 441 Haeo
332 419 370 441 se
389 407 610 441 carminibus
628 407 813 451 promittit
833 407 971 441 solvere
990 410 1143 451 mentes,

221 461 319 501 Quas
337 460 427 494 velit
447 474 454 502 ;
483 463 539 494 ast
559 460 638 494 aliis
657 460 767 494 duras
785 460 983 494 immittere
1003 472 1118 504 curas,

221 514 354 547 Sistere
374 525 507 557 aquam
525 513 658 557 fluviis,
682 516 718 547 et
737 516 876 547 vertere
897 514 1014 547 sidera
1032 516 1129 548 retro
1147 527 1155 556 ;

219 567 258 600 N
261 570 504 611 octurnosque
524 567 595 600 ciet
614 579 746 601 manes.
808 566 953 611 Mugire
972 567 1113 601 videbis

220 620 296 654 Sub
313 620 469 665 pedibus
487 623 634 663 terram,
657 623 694 654 et
713 620 929 654 descendere
947 621 1133 654 montibus
1152 632 1268 655 ornos.

220 674 358 718 Testor,
382 685 474 718 cara,
497 674 606 717 Deos,
630 676 667 708 et
685 676 735 717 te,
757 685 941 718 germana,
964 676 1145 718 tuumque

219 727 335 761 Dulce
355 730 476 772 caput,
498 728 654 772 magicas
673 727 828 761 invitam
848 727 1026 771 accingier
1045 730 1149 762 artes.

221 781 276 814 Tu
295 784 432 815 secreta
451 793 578 825 pyram
598 783 697 814 tecto
716 781 887 814 interiore
908 781 974 814 sub
994 792 1099 814 auras

219 834 327 878 Erige
347 847 355 876 ;
384 837 421 868 et
440 846 540 868 arma
558 834 639 877 viri,
662 834 823 868 thalamo
843 846 926 878 quae
946 834 1018 867 fixa
1037 834 1186 878 reliquit

220 887 373 932 InipiUS‚
396 888 618 932 exuviasque
639 899 776 931 omnes,
798 887 1006 931 lectumque
1022 887 1200 931 jugalem,

220 941 300 981 Quo
319 941 422 985 perii,
444 941 726 985 superimponas.
787 940 944 974 Abolere
963 941 1114 974 nefandi

221 994 361 1028 Cuncta
379 995 450 1028 viri
468 997 707 1028 monumenta
722 994 829 1038 jubet
849 996 1103 1037 monstratque
1123 993 1326 1027 sacerdos.'’

221 1047 313 1081 Haec
333 1049 442 1081 effata
461 1047 543 1081 silet
564 1061 571 1089 ;
600 1048 717 1091 pallor
736 1047 845 1080 simul
864 1049 1016 1090 oempat
1035 1058 1096 1080 ora
1115 1059 1121 1080 :

221 1100 309 1135 Non
328 1104 453 1134 tamen
472 1101 582 1134 Anna
600 1101 705 1134 novis
724 1102 924 1144 praetexere
943 1100 1073 1133 funera
1092 1100 1201 1134 sacris

221 1154 442 1188 Germanam
461 1154 589 1197 eredit,
611 1165 678 1187 nee
697 1156 822 1186 tantos
841 1156 964 1187 niente
984 1153 1124 1187 furores

221 1207 400 1251 Concipit,
422 1210 486 1241 aut
506 1208 672 1251 graviora
689 1207 810 1250 timet,
833 1218 943 1250 quam
963 1211 1080 1240 morte
1101 1206 1240 1240 Siehaei.

220 1261 317 1305 Ergo
333 1261 436 1305 jussa
454 1265 567 1305 parat.

220 1315 272 1348 At
292 1315 445 1358 Regina,
468 1317 559 1358 pyra
577 1314 757 1358 penetrali
775 1313 813 1347 in
833 1313 917 1347 sede
933 1313 1000 1347 sub
1020 1325 1126 1347 auras

220 1368 353 1402 Erecta
371 1367 525 1412 ingenti,
548 1367 654 1401 taedis
674 1370 785 1412 atque
804 1367 885 1401 ilice
906 1369 1017 1410 secta,

221 1421 462 1466 Intenditque
481 1422 603 1455 locum
622 1422 738 1464 serbis,
761 1423 798 1454 et
817 1420 947 1454 fronde
967 1422 1116 1454 coronat

220 1475 252 1508 F
253 1478 387 1509 unerea
405 1487 411 1509 :
441 1487 561 1519 super,
584 1475 746 1517 exuvias,
769 1486 966 1518 ensemque
984 1474 1166 1517 relictum,

221 1528 459 1572 Effigieinque
479 1531 559 1561 toro
578 1528 686 1571 locat,
710 1527 806 1561 haud
828 1528 953 1571 ignara
972 1527 1099 1560 futuri.

221 1582 329 1616 Stant
348 1593 418 1615 arae
439 1581 571 1615 circum
590 1595 598 1623 ;
627 1584 664 1615 et
684 1581 799 1614 crines
819 1582 933 1614 effusa
952 1580 1116 1614 sacerdos

221 1636 439 1669 Tercentum
457 1637 565 1668 tonat
584 1646 645 1668 ore
663 1635 772 1678 Deos,
796 1634 1040 1677 Erebumque,
1065 1633 1266 1678 Chaosque,

222 1689 545 1733 Tergeniinamque
566 1688 747 1730 Hecaten,
770 1687 842 1721 tria
860 1687 1011 1730 virginis
1032 1699 1094 1720 ora
1113 1687 1251 1721 Diana).

222 1743 408 1786 Sparserat
428 1745 465 1776 et
484 1742 609 1775 latices
629 1741 819 1775 simulatos
838 1741 951 1774 fontis
970 1740 1110 1774 Averni
1129 1753 1138 1781 3

221 1796 391 1829 Falcibus
409 1798 446 1829 et
465 1807 591 1829 messae
611 1795 658 1829 ad
677 1795 803 1828 lunam
823 1796 1041 1838 quaeruntur
1059 1793 1184 1827 ahenis

220 1849 409 1883 Pubentes
427 1849 562 1892 herbae,
585 1848 681 1892 nigri
700 1860 784 1882 cum
801 1847 896 1881 lacte
914 1847 1047 1881 veneni
1064 1860 1072 1888 ;

222 1903 408 1944 Quaeritur
427 1905 464 1936 et
482 1902 665 1936 nascentis
684 1901 770 1945 equi
789 1901 834 1935 de
853 1901 975 1934 fronte
994 1899 1173 1944 revulsus,

220 1957 270 1990 Et
288 1956 398 1990 matri
415 1959 616 2000 praereptus
635 1967 745 1989 amor.

221 2009 307 2054 Ipsa
325 2010 423 2044 mola
440 2010 682 2054 manibusque
701 2009 782 2053 piis,
804 2007 934 2042 altaria
948 2007 1070 2052 juxta,

224 2063 351 2097 Unum
372 2065 484 2097 exuta
502 2063 633 2107 pedem
652 2062 794 2105 vinclis,
816 2062 855 2095 in
876 2064 975 2095 veste
995 2061 1167 2104 recincta,

221 2117 392 2151 Testatur
409 2117 587 2150 moritura
606 2116 714 2158 Deos,
738 2118 775 2150 et
795 2115 937 2149 conscia
955 2113 1024 2148 fati

223 2170 349 2204 Sidera
367 2183 373 2205 :
410 2172 504 2214 tum,
528 2170 557 2204 si
577 2170 674 2214 quod
696 2181 770 2203 non
790 2180 896 2213 aequo
915 2168 1051 2202 foedere
1071 2168 1236 2200 amantes

221 2223 326 2258 Curae
346 2235 484 2258 numen
504 2223 616 2258 habet
631 2223 852 2269 justumque
876 2232 1100 2264 memorque,
1122 2222 1301 2264 precatur.

273 2277 361 2311 Nox
381 2280 471 2321 erat,
495 2279 532 2311 et
551 2277 736 2321 placidum
756 2275 953 2320 carpebant
972 2273 1067 2308 fessa
1086 2285 1251 2317 soporem

221 2331 379 2375 Corpora
398 2342 462 2375 per
480 2333 607 2373 terras,
630 2330 816 2374 sylvaeque
836 2331 873 2362 et
893 2339 988 2362 saeva
1008 2327 1176 2371 quierant

223 2385 390 2430 [Equora
408 2397 418 2428 3
447 2395 561 2430 quum
582 2383 703 2418 medio
722 2383 924 2418 volvuntur
943 2380 1061 2415 sidera
1080 2380 1183 2425 lapsu
1201 2393 1210 2422 ;

1393 300 1434 320 ⁴85

1394 564 1435 585 41*ss

1394 831 1435 851 ⁴95

1395 1100 1439 1118 500

1397 1365 1439 1386 ⁵05

1405 1622 1447 1641 2311»

1399 1899 1441 1918 515

1399 2164 1442 2185 5:¹0
