1559 2584
136 118 214 155 196

610 127 795 155 VIRGILII
823 126 978 155 AENms.

293 213 347 247 Ut
366 225 451 247 vero
470 213 609 247 AEneas
627 213 767 247 foribus
785 225 861 247 sese
881 213 1009 246 intulit
1028 213 1125 257 altis,

238 267 432 311 Ingentem
450 267 628 310 gemitum
647 265 764 299 tunsis
784 266 830 299 ad
850 266 966 299 sidera
985 266 1124 299 tollunt

239 319 454 353 Pectoribus
472 332 480 359 ;
508 321 712 361 moestoque
731 318 901 361 immugit
921 319 1017 361 regia
1036 318 1149 352 luctu.

240 371 336 416 Ipse,
359 373 468 415 caput
487 371 585 404 nivei
603 371 740 404 fultum
760 371 938 404 Pallantis
958 373 996 404 et
1014 382 1076 404 ora

239 424 294 458 Ut
313 424 419 466 vidit,
441 423 585 467 levique
604 427 734 467 patens
753 423 791 456 in
810 426 956 466 pectore
975 423 1109 456 vulnus

239 476 408 520 Cuspidis
427 476 611 519 Ausoniae,
632 475 801 519 lacrymis
819 476 872 509 ita
890 476 990 509 fatur
1008 476 1144 509 obortis
1161 488 1168 510 :

243 531 268 548 “
281 528 415 572 Tene,⁷'
434 529 569 572 inquit,
595 530 620 546 ‘⁶
636 528 838 561 miserande
857 539 959 572 puer,
983 540 1098 571 quum
1116 529 1204 562 laeta
1221 528 1376 573 veniret,

240 582 382 616 Invidit
400 581 566 615 Fortuna
584 581 685 623 mihi,
708 593 754 614 ne
773 592 885 625 regna
902 581 1045 614 videres

239 635 391 678 Nostra,
411 646 531 678 neque
550 634 596 667 ad
616 634 718 667 sedes
736 634 854 667 victor
873 633 1040 667 veherere
1060 634 1252 677 paternas?

239 687 328 721 Non
347 687 425 720 haec
444 687 616 720 Evandro
636 686 680 719 de
699 689 736 720 te
756 686 931 730 promissa
949 687 1092 730 parenti

238 740 438 774 Discedens
457 740 640 782 dederam,
664 751 778 783 quum
798 751 855 772 me
876 739 1084 783 complexus
1103 743 1251 773 euntem

239 793 410 827 Mitteret
427 792 466 825 in
485 804 658 836 magnum
677 792 882 836 imperium,
904 794 1144 836 metuensque
1163 794 1327 826 moneret

238 846 351 880 Acres
369 857 445 879 esse
467 845 573 888 virm,
596 857 679 878 cum
699 845 791 878 dura
810 845 936 888 praelia
953 848 1069 888 gente.

238 898 288 932 Et
307 910 405 932 nunc
423 898 485 931 ille
504 898 665 941 quidem,
688 909 749 941 spe
769 898 928 931 multum
948 901 1075 941 captus
1094 898 1207 940 inani,

238 951 329 985 Fors
348 953 385 984 et
401 954 485 984 vota
503 951 603 993 facit,
626 951 859 994 cumulatque
879 951 1006 984 altaria
1025 951 1128 984 donis
1147 964 1154 992 ;

238 1004 319 1037 Nos
334 1004 510 1048 juvenem
529 1004 751 1046 exanimum,
775 1006 811 1036 et
830 1003 882 1036 nil
897 1003 975 1047 jam
995 1003 1203 1036 coelestibus
1222 1003 1306 1036 ullis

238 1056 456 1099 Debentem,
478 1068 573 1089 vano
592 1057 714 1089 moesti
734 1056 949 1089 comitamur
967 1055 1112 1090 honore.

239 1109 375 1143 Infelix
395 1110 401 1142 !
431 1109 510 1142 nati
529 1109 640 1141 funus
660 1109 804 1141 crudele
823 1108 972 1142 videbis.

239 1161 292 1195 Hi
310 1161 426 1195 nostri
445 1162 717 1205 exspectatique
736 1159 915 1204 triumphi
934 1161 946 1194 Ζ

238 1215 332 1248 Haec
350 1226 431 1248 mea
449 1225 582 1257 magna
600 1214 690 1247 fides
705 1214 717 1247 2
770 1214 822 1247 At
841 1226 928 1257 non,
947 1214 1127 1257 Evandre,
1150 1214 1332 1258 pudendis

238 1267 464 1300 Vulneribus
484 1267 629 1310 pulsum
650 1266 799 1310 aspicies
817 1279 824 1300 ε
853 1279 919 1300 nec
939 1268 1072 1315 sospite
1092 1267 1213 1301 dirum

239 1319 392 1364 Optabis
410 1323 498 1353 nato
517 1320 629 1353 funus
649 1323 760 1363 pater.
822 1319 896 1353 Hei
915 1320 1017 1363 mihi,
1040 1323 1220 1364 quantum

238 1372 470 1415 Praesidium,
493 1373 668 1415 Ausonia,
692 1376 728 1405 et
749 1376 930 1416 quantum
949 1375 992 1406 tu
1011 1373 1143 1417 perdis,
1167 1373 1248 1407 Iule
1269 1372 1310 1407 !''

292 1425 384 1459 Haec
403 1426 467 1459 ubi
485 1426 645 1468 deflevit,
667 1426 749 1459 tolli
768 1426 971 1459 miserabile
991 1437 1120 1470 corpus

239 1478 412 1522 Imperat,
435 1481 472 1512 et
491 1481 571 1512 toto
590 1479 702 1512 lectos
722 1490 767 1511 ex
786 1479 929 1522 agmine
950 1479 1066 1512 mittit

238 1531 343 1564 Mille
362 1532 468 1574 viros,
494 1532 557 1576 qui
578 1543 787 1574 supremum
809 1532 1028 1565 comitentur
1047 1531 1233 1574 honorem,

238 1584 491 1628 Intersintque
510 1584 622 1628 patris
641 1581 810 1628 lacrymis
830 1597 838 1625 ;
867 1585 995 1618 solatia
1014 1584 1130 1617 lectus

238 1637 383 1681 Exigua
402 1637 572 1681 ingentis,
594 1637 724 1670 misero
745 1637 807 1671 sed
828 1638 953 1671 debita
973 1637 1076 1681 patri.

238 1690 350 1724 Haud
370 1702 496 1734 segnes
516 1690 577 1723 alii
598 1693 713 1724 crates
733 1693 769 1724 et
789 1691 897 1724 molle
917 1691 1092 1724 feretrum

237 1743 410 1777 Arbuteis
429 1746 564 1777 texunt
583 1743 693 1787 virgis
713 1746 750 1776 et
769 1743 903 1776 vimine
923 1754 1074 1787 querno,

237 1796 525 1840 Exstructosque
545 1799 643 1829 toros
664 1796 817 1830 obtentu
836 1796 976 1829 frondis
995 1796 1216 1830 inumbrant.

237 1849 311 1882 Hic
326 1849 502 1893 juvenem
522 1849 654 1893 agresti
674 1849 865 1882 subl'mem
886 1849 1058 1883 stramine
1078 1852 1220 1893 ponunt
1242 1862 1248 1884 :

237 1901 390 1942 Qualem
410 1902 573 1946 virgineo
593 1902 797 1936 demessum
817 1902 947 1946 pollice
966 1902 1103 1945 florem,

237 1954 309 1988 Seu
328 1955 448 1989 mollis
467 1955 585 1997 violae,
609 1967 672 1988 seu
691 1955 900 1999 languentis
919 1955 1109 1999 hyacinthi
1130 1968 1137 1996 ;

236 2007 304 2041 Cui
323 2019 442 2051 neque
462 2008 582 2052 fulgor
600 2008 731 2051 adhuc,
754 2009 909 2042 necdum
929 2020 994 2042 sua
1012 2008 1129 2041 forma
1147 2019 1244 2042 rcces
1264 2008 1294 2042 it
1313 2021 1322 2050 3

236 2060 323 2094 Non
337 2061 416 2105 jam
434 2064 553 2095 mater
571 2062 635 2094 alit
655 2062 776 2104 tellus,
798 2061 964 2105 viresque
983 2061 1175 2094 ministrat.

236 2113 329 2146 Tum
349 2115 510 2157 geminas
529 2117 657 2157 vestes,
682 2126 845 2158 auroque
865 2117 1036 2158 ostroque
1055 2115 1226 2158 rigentes,

235 2165 382 2199 Extulit
402 2167 540 2200 AEneas
556 2179 562 2201 τ
595 2179 684 2211 quas
704 2167 757 2200 illi
776 2168 864 2201 laeta
884 2167 1047 2201 laborum

234 2219 319 2262 Ipsa
338 2219 412 2253 suis
431 2220 616 2263 quendam
636 2221 803 2253 manibus
823 2220 971 2254 Sidonia
990 2219 1086 2253 Dido

233 2272 397 2315 Fecerat,
419 2275 456 2305 et
474 2274 579 2306 tenui
597 2273 689 2307 telas
707 2273 926 2307 discreverat
944 2284 1040 2306 auro.

233 2323 378 2358 Harum
397 2336 508 2359 unam
523 2326 652 2369 juveni
672 2337 880 2370 supremum
900 2329 1052 2359 moestus
1071 2326 1246 2359 honorem

235 2377 375 2421 Induit,
397 2389 611 2422 arsurasque
632 2390 750 2413 comas
769 2379 924 2413 obnubit
943 2379 1077 2412 amictu
1098 2391 1105 2413 :

1424 948 1452 967 50

1425 1212 1452 1232 55

1424 1476 1452 1497 ⁶0

1424 1741 1451 1762 65

1424 2006 1452 2030 7⁰
