1528 2569
645 106 777 134 Limia
808 106 868 134 x1.
1338 96 1415 134 197

208 193 404 238 Multaque
422 195 597 238 praeterea
616 193 809 227 Laurentis
827 193 976 237 praemia
995 205 1125 237 pugnae

208 248 380 290 Aggerat,
403 250 439 280 et
459 246 567 289 longo
587 247 746 289 praedam
762 246 869 290 jubet
888 246 1014 279 ordine
1034 246 1118 279 duci
1135 257 1143 280 ε

209 299 327 332 Addit
346 310 458 342 equos
477 301 514 331 et
534 298 619 340 tela,
642 299 774 342 quibus
794 299 1010 342 spoliaverat
1029 299 1180 332 hostem.

209 350 390 384 Vinxerat
409 354 446 384 et
465 354 546 394 post
565 354 666 394 terga
683 362 825 393 manus,
848 362 939 394 quos
957 351 1120 384 mitteret
1139 350 1277 384 umbris

208 403 374 446 Inferias,
397 415 488 437 caeso
507 414 694 446 sparsuros
713 403 886 446 sanguine
906 404 1088 436 flammam
1107 417 1116 445 ;

208 455 436 499 Indutosque
452 455 560 498 jubet
578 458 725 488 truncos
744 455 935 489 hostilibus
955 456 1063 489 armis

208 508 311 552 Ipsos
330 508 422 541 ferre
441 507 562 550 duces,
585 508 802 552 inimicaque
821 508 969 542 nomina
987 508 1058 552 figi.

205 560 363 594 Ducitur
379 561 508 593 infelix
527 572 605 593 aevo
624 561 809 594 confectus
827 561 985 602 Acoetes,
1155 599 1160 603 Ι

208 613 362 646 Pectora
379 625 477 646 nunc
496 613 639 646 foedaxs
657 613 800 656 pugnis,
823 624 921 646 nunc
942 613 1123 656 unguibus
1141 624 1204 647 ora
1222 625 1232 655 ;

207 665 390 699 Sternitur
409 668 446 698 et
466 668 544 699 toto
564 665 747 709 projectus
766 677 912 709 corpore
930 668 1048 699 terrae.

208 717 359 751 Ducunt
379 720 416 751 et
434 717 576 751 Rutulo
595 719 758 761 perfusos
777 718 950 761 sanguine
970 729 1106 751 currus.

206 770 296 804 Post
314 770 468 803 bellator
487 782 614 813 equus,
637 771 763 814 positis
781 769 997 813 insignibus,
1020 770 1165 803 AEthon

206 823 244 856 It
263 823 476 866 lacrymans,
498 823 686 866 guttisque
705 823 892 856 humectat
910 822 1108 866 grandibus
1126 834 1197 856 ora.

206 874 362 908 Hastam
381 875 443 908 alii
461 875 672 918 galeamque
691 875 815 908 ferunt
836 887 842 908 :
871 886 956 908 nam
975 878 1094 908 cetera
1113 875 1256 908 Turnus

207 927 336 961 Victor
354 927 473 961 habet.
509 927 602 960 Tum
621 930 751 961 moesta
770 928 942 971 phalanx,
965 927 1166 971 Teucrique
1185 930 1403 971 sequuntur,

207 980 456 1024 Tyrrhenique
475 980 597 1022 duces,
620 983 657 1013 et
676 981 788 1013 versis
806 980 966 1013 Arcades
985 981 1105 1014 armis.

207 1033 409 1076 Postquam
428 1033 545 1066 omnis
563 1033 669 1076 longe
688 1033 862 1066 comitum
882 1035 1102 1076 processerat
1121 1032 1221 1074 ordo,

208 1085 379 1119 Substitit
398 1085 548 1128 AEneas,
569 1086 782 1129 gemituque
801 1085 878 1118 haec
897 1085 1039 1118 addidit
1057 1085 1132 1118 alto
1153 1097 1160 1119 :

211 1140 237 1156 “
253 1138 332 1171 Nos
351 1138 439 1171 alias
457 1137 542 1170 hinc
561 1138 608 1171 ad
626 1138 803 1181 lacrymas
822 1138 948 1171 eadem
967 1138 1113 1171 horrida
1131 1137 1218 1171 belli

208 1191 302 1224 Fata
320 1193 461 1224 vocant.
523 1189 628 1223 Salve
648 1194 828 1224 aeternum
847 1190 948 1232 mihi,
971 1190 1128 1223 maxime
1147 1190 1261 1234 Palla,

209 1243 479 1286 AEternumque
499 1243 586 1276 vale.
595 1242 615 1259 ''
670 1243 708 1276 N
711 1255 750 1276 ec
769 1243 873 1286 plura
892 1243 1032 1285 effatus,
1055 1242 1101 1276 ad
1120 1242 1214 1276 altos

209 1295 397 1329 Tendebat
416 1307 551 1338 muros,
573 1306 809 1339 gressumque
828 1296 867 1328 in
887 1298 1004 1328 castra
1022 1295 1171 1329 ferebat.

262 1347 421 1391 Jamque
441 1352 601 1381 oratores
621 1348 773 1381 aderant
793 1359 836 1381 ex
856 1348 945 1381 urbe
965 1348 1111 1391 Latina,

209 1400 334 1434 Velati
352 1400 462 1434 ramis
481 1401 581 1443 oleae,
604 1401 820 1444 veniamque
838 1403 1004 1443 rogantes
1025 1413 1032 1434 :

209 1453 378 1497 Corpora,
400 1464 465 1497 per
483 1464 627 1496 campos
645 1454 740 1486 ferro
760 1464 842 1496 quae
860 1453 942 1486 fusa
955 1452 1126 1496 jacebant
1132 1465 1142 1494 ;

208 1506 408 1548 Redderet,
431 1517 472 1539 ac
490 1506 635 1539 tumulo
655 1506 789 1539 >meret
809 1505 998 1538 succedere
1017 1507 1124 1538 terrae
1141 1518 1150 1547 3

208 1558 368 1592 Nullum
389 1569 471 1592 cum
491 1558 598 1591 victis
617 1561 798 1591 certamen
818 1561 855 1591 et
874 1558 1009 1591 aethere
1027 1558 1136 1591 cassis
1151 1570 1162 1600 3

208 1610 307 1652 Quos
325 1611 443 1644 bonus
463 1610 613 1653 AEneas,
635 1611 734 1644 haud
753 1611 978 1654 aspernanda
995 1613 1196 1654 precantes,

208 1663 451 1707 Prosequitur
470 1664 590 1706 venia,
613 1666 649 1697 et
668 1663 786 1697 verbis
805 1664 884 1697 haec
902 1664 1050 1706 insuper
1067 1663 1172 1697 addit
1191 1675 1200 1699 :

212 1718 238 1735 “
255 1716 431 1757 Quaenam
452 1728 516 1750 vos
534 1719 640 1749 tanto
659 1716 825 1750 Fortuna
843 1716 1005 1759 indigna,
1027 1716 1163 1760 Latini,

207 1769 397 1812 Implicuit
415 1769 523 1811 bello,
544 1769 608 1812 qui
627 1780 693 1802 nos
711 1769 861 1812 fugiatis
879 1769 1012 1802 amicos
1029 1769 1041 1802 2

208 1821 342 1855 Pacem
362 1833 419 1854 me
439 1821 618 1854 exanimis
637 1823 674 1854 et
693 1821 826 1854 Mart-is
845 1824 942 1854 sorte
960 1821 1158 1864 peremptis

1390 820 1404 840 9
1414 825 1417 837 ;

1392 1083 1419 1102 *aa

1381 1345 1422 1365 10⁰

1382 1608 1423 1627 ³05

1383 1817 1423 1837 110

209 1873 330 1908 Oratis
348 1874 360 1907 2
387 1873 558 1918 equidem
577 1876 614 1907 et
633 1873 726 1907 vivis
745 1873 938 1907 concedere
957 1873 1089 1907 vellem
1107 1886 1114 1907 :

208 1926 246 1960 N
250 1938 289 1960 ec
312 1927 404 1969 veni,
427 1926 497 1960 nisi
517 1927 594 1959 fata
612 1926 732 1959 locum
752 1926 948 1970 sedemque
967 1926 1153 1959 dedissent
1169 1939 1179 1968 ;

208 1978 248 2012 N
250 1991 290 2013 ec
309 1979 448 2012 bellum
469 1990 551 2012 cum
569 1982 679 2022 gente
697 1990 782 2023 gero
803 1991 810 2013 :
838 1990 903 2012 rex
921 1981 1047 2012 nostra
1064 1978 1216 2023 reliquit

208 2031 393 2075 Hospitia,
416 2035 453 2066 et
473 2032 587 2065 Turni
605 2032 727 2075 potius
745 2043 782 2065 se
801 2031 955 2065 credidit
974 2031 1092 2065 armis.

208 2084 368 2128 AEquius
387 2084 472 2118 huic
491 2084 654 2118 Turnum
673 2085 792 2118 fuerat
811 2096 848 2117 se
867 2095 1047 2127 opponere
1065 2083 1186 2119 morti.

209 2137 248 2171 Si
266 2137 404 2171 bellum
423 2137 526 2171 finire
545 2149 669 2180 manu,
691 2137 721 2170 si
739 2137 870 2181 pellere
890 2136 1045 2170 Teucros

207 2191 382 2233 Apparat,
405 2190 462 2223 his
481 2201 622 2223 mecum
642 2190 764 2223 decuit
783 2201 992 2223 concurrere
1010 2189 1094 2222 telis
1113 2201 1121 2224 ε

208 2241 336 2286 Vixet‚
358 2243 417 2276 cui
434 2243 549 2276 vitam
567 2242 668 2276 Deus
686 2245 751 2277 aut
770 2254 835 2276 sua
853 2242 983 2276 dextra
1000 2241 1169 2276 dedisset.

210 2294 322 2329 Nunc
339 2295 402 2338 ite,
424 2298 461 2329 et
479 2295 618 2329 miseris
638 2295 831 2339 supponite
850 2294 988 2329 civibus
1006 2293 1164 2338 ignem.”

212 2347 366 2382 Dixerat
385 2347 524 2382 AEneas
541 2360 549 2383 ε
577 2348 641 2382 olli
659 2348 878 2392 obstupuere
897 2344 1058 2391 silentes,
1377 2344 1417 2366 ¹2¹⁰
