1528 2569
567 135 754 163 VIRGILII
785 135 942 163 CULEX.

207 223 346 258 Ictibus
365 234 444 258 ossa
461 223 559 268 ferit,
582 224 733 268 cingunt
753 236 825 269 qua
842 226 1008 268 tempora
1026 222 1153 257 cristae
1169 234 1180 264 ς

207 277 255 310 Et
275 276 371 320 quod
393 280 469 310 erat
487 277 626 320 tardus,
649 277 766 311 somni
783 277 955 321 languore
972 279 1124 319 remoto,

207 329 246 363 N
248 341 287 363 ec
305 329 404 373 prius
423 330 624 374 adspiciens
643 331 790 364 timidos
809 332 1016 364 caecaverat
1033 331 1134 363 artus
1153 340 1161 363 :

209 382 297 421 Hoc*
310 383 430 416 minus
450 383 630 426 implicuit
649 383 728 417 dira
746 383 940 417 formidine
958 385 1129 415 mentem.

210 435 326 477 Quem
345 439 539 479 postquam
557 436 651 469 vidit
671 448 814 470 caesum
833 436 1062 479 languescere
1083 448 1091 476 ;
1120 433 1223 468 sedit.

261 489 340 522 Iam
359 489 480 533 quatit
499 492 535 522 et
553 489 693 533 biiuges
711 489 828 523 oriens
846 489 964 522 Erebo
983 488 1033 521 cit
1052 499 1162 532 equos
1181 486 1282 530 Nox,

207 541 257 575 Et
274 542 375 586 piger
391 544 517 576 aurata
535 543 698 586 procedit
717 542 855 586 Vesper
873 541 919 575 ab
938 541 1030 575 Oeta
1050 553 1057 575 :

208 594 301 628 Cum
318 607 423 639 grege
443 595 626 639 compulso
644 598 778 639 pastor,
800 594 1071 638 duplicantibus
1092 592 1240 636 umbris,

208 647 323 681 Vadit
342 652 379 681 et
397 648 436 681 111
454 649 566 681 fessos
584 648 746 691 requiem
765 647 850 681 dare
871 649 1054 690 comparat
1072 649 1182 679 artus.

209 700 320 734 Cuius
339 703 382 734 ut
399 701 550 734 intravit
569 701 682 734 levior
700 712 763 744 per
782 711 930 743 corpora
947 711 1107 742 somnus,

210 754 473 797 Languidaque
492 754 605 787 effuso
623 754 837 797 requierunt
855 752 1017 786 membra
1037 762 1164 796 soporo
1181 763 1191 793 3

212 807 357 850 Effigies
375 806 422 840 ad
441 818 525 840 eum
544 806 667 840 culicis
686 806 846 849 devenit,
869 808 906 839 et
924 805 979 839 illi

210 860 337 893 Tristis
355 860 401 893 ab
420 862 556 893 eventu
575 859 704 893 cecinit
724 858 884 893 convicia
902 857 1038 891 mortis.

210 913 340 957 Inquit
361 925 367 947 :
399 914 425 931 “
439 912 535 953 Quid
554 913 716 956 meritus,
739 912 786 945 ad
805 923 898 956 quae
917 911 1060 944 delatus
1079 910 1224 943 acerbas

211 965 327 1009 Cogor
344 965 442 999 adire
464 966 557 999 vices
574 966 585 1000 2
640 966 717 999 Tua
736 965 824 998 dum
843 964 933 998 mihi
953 962 1067 997 carior
1084 963 1162 1007 ipsa

210 1019 302 1053 Vita
318 1019 389 1052 fuit
407 1019 505 1062 vita,
516 1019 636 1062 rapior
653 1030 717 1062 per
735 1018 858 1051 inania
875 1017 1004 1051 ventis.

211 1072 267 1106 Tu
285 1072 405 1106 lentus
423 1073 564 1106 refoves
582 1071 742 1105 iucunda
760 1083 812 1104 me
819 1070 922 1105 mb:a
941 1070 1077 1114 quiete,

213 1125 371 1169 Ereptus
389 1125 494 1159 tetris
513 1137 532 1159 e
551 1125 712 1159 cladibus
730 1138 738 1167 ;
766 1127 804 1158 at
823 1136 904 1157 mea
923 1124 1053 1157 Manes

213 1178 363 1212 Viscera
381 1178 559 1212 Lethaeas
578 1180 713 1222 cogunt
731 1181 920 1211 transnare
938 1188 1002 1220 per
1020 1175 1138 1209 undas
1154 1187 1162 1209 t

213 1231 355 1266 Praeda
373 1231 565 1265 Charontis
583 1243 677 1275 agor.
738 1230 828 1264 Vidi
846 1233 888 1263 ut
907 1229 1096 1273 flagrantia
1114 1228 1232 1262 taedis

214 1285 358 1319 Limina
376 1285 555 1318 collucent
574 1284 726 1317 infernis
745 1283 865 1317 omnia
883 1283 1038 1326 templis.

217 1338 334 1372 Obvia
352 1337 556 1381 Tisiphone,
579 1337 806 1381 serpentibus
824 1336 988 1379 undique
1008 1337 1139 1378 comta,

213 1391 263 1425 Et
281 1391 443 1424 flammas
462 1394 498 1424 et
517 1402 624 1424 saeva
643 1390 763 1434 quatit
781 1389 872 1422 mihi
889 1389 1038 1422 verbera
1055 1398 1205 1431 poenae,

216 1444 392 1478 Cerberus
411 1446 447 1477 et
466 1444 554 1477 diris
573 1444 700 1487 flagrat
718 1442 911 1476 latratibus
931 1453 1004 1484 ora,

216 1497 409 1541 Anguibus
427 1497 512 1530 hinc
531 1499 642 1540 atque
656 1496 740 1529 hinc
758 1496 907 1529 horrent
927 1494 985 1528 cui
1003 1494 1095 1527 colla
1113 1492 1270 1536 reflexis,

217 1550 485 1594 Sanguineique
505 1550 641 1583 micant
660 1549 827 1582 ardorem
845 1548 994 1581 luminis
1013 1547 1124 1581 orbes.

216 1603 315 1646 Heu,
338 1603 428 1647 quid
446 1603 491 1636 ab
511 1603 625 1636 officio
645 1603 803 1646 digressa
821 1604 875 1634 est
895 1601 1023 1645 gratia,
1045 1611 1128 1633 cum
1147 1602 1186 1632 te

215 1656 378 1691 Restitui
397 1657 533 1700 superis
552 1656 618 1689 leti
636 1656 708 1689 iam
726 1655 852 1688 limine
871 1655 916 1687 ab
934 1654 1012 1697 ipso
1032 1653 1040 1686 ἔ
1076 1694 1080 1696 -

217 1710 384 1743 Praemia
402 1712 488 1743 sunt
507 1709 653 1753 pietatis
672 1709 737 1742 ubi
754 1708 765 1742 2
819 1707 973 1741 Pietatis
991 1707 1144 1739 honores

218 1763 264 1797 In
282 1774 394 1796 vanas
413 1763 533 1796 abiere
552 1763 660 1805 vices,
683 1764 720 1795 et
738 1772 820 1795 rure
839 1760 987 1794 recessit

217 1816 365 1849 Iustitia
383 1818 420 1849 et
439 1816 536 1859 prior
553 1815 616 1849 illa
634 1814 749 1848 fides?
803 1813 989 1847 Instantia
1006 1812 1082 1845 vidi

218 1869 381 1903 Alterius
400 1881 406 1903 :
436 1869 511 1902 sine
529 1871 696 1912 respectu
715 1878 795 1901 mea
814 1867 890 1900 fata
908 1866 1118 1909 relinquens

218 1922 279 1956 Ad
297 1922 428 1966 pan'les
447 1933 532 1965 agor
550 1924 712 1955 eventus.
773 1920 835 1954 Fit
853 1931 970 1963 poena
988 1917 1142 1951 merenti
1157 1919 1163 1950 Ξ

218 1975 343 2009 Poena
361 1975 408 2008 sit
427 1974 580 2008 exitium
598 1987 605 2008 :
633 1974 742 2007 modo
761 1973 809 2006 sit
828 1973 917 2006 dum
936 1974 1039 2016 grata
1057 1971 1239 2012 voluntaS,

219 2028 383 2062 Exsistat
402 2039 467 2072 par
486 2027 652 2061 officium.
712 2027 823 2060 Feror
842 2026 922 2059 avia
941 2036 1102 2068 carpens,

218 2081 313 2115 Avia
332 2081 542 2114 Cimmen'os
560 2081 656 2113 inter
675 2079 849 2112 distantia
867 2079 967 2111 lucos
985 2090 991 2112 :

219 2134 335 2176 Quem
355 2134 447 2167 circa
465 2133 587 2166 tristes
606 2133 806 2166 densentur
824 2132 863 2164 in
881 2131 1003 2165 onmia
1020 2141 1167 2174 poenae.

220 2188 320 2221 Nam
338 2187 483 2220 vinctus
503 2187 604 2220 sedet
623 2185 790 2219 immanis
810 2184 1038 2228 serpentibus
1057 2183 1159 2225 Otos,

221 2240 444 2274 Devinctum
462 2242 621 2273 maestus
639 2238 766 2282 procul
785 2237 985 2281 adspiciens
1004 2236 1213 2279 Ephialten,

220 2293 351 2327 Conati
369 2304 450 2327 cum
470 2293 543 2326 sint
563 2292 748 2337 quondam
767 2290 969 2324 rescindere
988 2289 1167 2322 mundum
1184 2300 1193 2329 ;

219 2346 269 2380 Et
288 2346 425 2390 Tityos,
448 2346 599 2388 Latona,
621 2349 707 2379 tuae
726 2355 864 2377 memor
882 2343 1011 2377 anxius
1030 2343 1157 2376 irae——

223 2398 467 2443 Implacabilis
485 2399 539 2432 ira
557 2397 828 2441 nimis,—iacet
847 2396 944 2430 alitis
963 2407 1051 2429 esca.

1195 2460 1216 2483 E
1239 2452 1257 2481 3

1364 126 1413 163 81

1381 219 1419 239 19³

1379 483 1410 503 20⁴
1414 483 1420 501 )

1381 1012 1420 1031 ‘210

1382 1276 1422 1296 215

1389 2070 1429 2091 ‘230

1392 2335 1430 2356 23⁵
