1559 2584
109 115 162 153 54

587 127 776 154 VIRGILII
806 125 962 153 AENEIS.

214 214 424 248 Visceribus
443 212 670 257 miserorum,
693 216 731 248 et
751 213 925 258 sanguine
945 212 1106 247 vescitur
1124 219 1213 248 atro.

215 267 307 301 Vidi
326 270 481 311 egomet,
504 267 578 300 duo
598 267 643 301 de
670 278 823 300 numero
844 278 959 311 quum
978 278 1127 310 corpora
1146 269 1284 310 nostro,

216 320 355 354 Prensa
374 331 486 353 manu
505 322 650 364 magna,
672 320 793 354 medio
813 319 1007 363 resupinus
1026 319 1065 353 in
1084 322 1203 363 antro,

216 373 418 417 Frangeret
437 372 484 407 ad
503 385 643 417 saxum,
668 373 840 417 sanieque
860 384 1010 417 expersa
1028 375 1198 407 natarent
1395 371 1435 392 ⁶³³

218 426 384 461 Limina:
413 426 502 470 vidi,
525 429 605 460 atro
626 438 740 470 quum
759 426 923 459 membra
942 426 1096 460 fluentia
1113 426 1201 460 tabo

216 479 424 523 Manderet,
446 481 483 513 et
502 479 620 524 tepidi
638 481 837 513 tremerent
857 479 926 512 sub
946 478 1118 512 dentibus
1138 481 1260 514 artus:

216 532 331 566 Haud
350 532 500 576 impune
520 532 670 577 quidem
687 545 696 575 ;
724 544 791 566 nec
809 532 899 566 talia
917 543 1045 576 passus
1065 531 1202 576 Ulixes,

217 586 411 620 Oblitusve
431 586 489 619 sui
507 588 562 619 est
582 585 732 619 Ithacus
752 585 961 619 discrimine
981 587 1096 620 tanto.

215 638 316 673 Nam
335 639 445 673 simul
464 639 631 683 expletus
651 639 819 683 dapibus,
841 639 1002 682 vinoque
1022 638 1201 682 sepultus,
1396 636 1438 657 ⁶³⁰

216 692 401 727 Cervicem
420 693 593 727 inflexam
613 693 748 737 posuit,
767 692 958 736 jacuitque
978 704 1042 736 per
1061 695 1208 726 antrum

215 745 434 789 Immensus,
457 746 595 780 saniem
614 748 783 779 eructans
803 757 844 779 ac
862 745 981 779 frusta
1001 748 1151 779 cruento

215 798 289 832 Per
308 811 477 833 somnum
497 799 694 832 commixta
712 810 833 841 mcr0;
861 810 940 842 nOS,
963 809 1095 843 magna
1112 798 1249 842 precati

215 851 393 896 Numina,
417 852 611 896 sortitique
630 852 739 896 vices,
762 863 839 885 una
864 851 1028 895 undique
1049 852 1184 885 circum

215 905 433 948 Fumiimur,
458 909 495 939 et
513 905 587 939 telo
606 905 732 939 lumen
751 905 978 938 terebramus
998 908 1106 938 acuto
1395 902 1436 923 ⁶³³·

215 958 363 1003 Ingens,
387 959 487 1003 quod
505 960 612 992 torva
631 959 749 992 solum
769 959 836 992 sub
856 959 977 992 fronte
996 958 1145 1001 latebat,

217 1012 377 1056 Argolici
397 1011 516 1056 clypei
534 1014 598 1045 aut
618 1011 791 1045 Phoebeae
810 1011 990 1055 lampadis
1009 1011 1125 1045 instar
1136 1024 1144 1053 ;

215 1064 266 1099 Et
285 1064 436 1099 tandem
454 1065 532 1098 laeti
551 1065 730 1098 sociorum
749 1064 959 1098 ulciscimur
977 1064 1135 1098 umbras.

218 1118 289 1152 Sed
309 1118 438 1162 fugite,
461 1118 481 1152 ὁ
501 1117 633 1161 miseri,
657 1117 795 1161 fugite;
824 1120 936 1162 atque
956 1117 1002 1151 ab
1021 1115 1146 1151 littore
1167 1117 1294 1152 funem

216 1171 412 1215 Rumpite:
1397 1168 1439 1190 ⁶⁴⁰

216 1224 317 1258 Nam
337 1224 454 1269 qualis
474 1227 708 1269 quantusque
729 1236 817 1258 cavo
838 1224 1087 1268 Polyphemus
1105 1224 1144 1258 in
1164 1227 1271 1258 antro

217 1277 413 1322 Lanigeras
434 1278 570 1312 claudit
590 1278 758 1322 pecudes,
781 1281 893 1322 atque
913 1278 1025 1311 ubera
1044 1280 1203 1322 pressat:

217 1331 376 1365 Centum
395 1331 458 1365 alii
477 1343 588 1365 curva
607 1331 684 1365 haec
698 1331 869 1365 habitant
889 1331 935 1365 ad
954 1331 1080 1365 littora
1098 1331 1210 1375 vulgo

218 1384 371 1418 Infandi
391 1384 576 1429 Cyclopes,
602 1387 638 1418 et
658 1385 742 1418 altis
762 1384 951 1418 montibus
971 1387 1104 1419 errant.

218 1437 340 1472 Tertia
355 1437 435 1482 jam
454 1438 553 1471 lunae
574 1449 610 1471 se
631 1449 766 1471 cornua
785 1438 924 1471 lumine
945 1438 1138 1482 complent,
1396 1435 1437 1456 ⁶⁴⁵

218 1490 342 1532 Quum
361 1489 477 1524 vitam
497 1490 536 1524 in
556 1491 678 1534 sylvis,
703 1491 801 1524 inter
820 1491 964 1524 deserta
982 1491 1143 1524 ferarum

218 1543 352 1577 Lustra
371 1543 582 1587 domosque,
606 1544 725 1587 traho,
748 1546 944 1588 vastosque
964 1544 1009 1578 ab
1028 1556 1119 1588 rupe
1140 1544 1316 1588 Cyclopas

218 1597 417 1641 Prospicie,
441 1597 676 1641 sonitumque
695 1597 833 1641 pedum
853 1608 1051 1641 vocemque
1071 1598 1250 1631 tremisco.

217 1649 373 1684 Victum
391 1650 585 1693 infelicem,
609 1650 736 1684 baccas
755 1650 991 1694 lapidosaque
1012 1662 1132 1693 corna,

218 1703 319 1738 Dant
340 1704 443 1747 rami,
467 1706 504 1737 et
524 1703 637 1737 vulsis
657 1706 812 1747 pascunt
831 1703 1015 1737 radicibus
1034 1703 1166 1738 herbae.
1395 1701 1437 1721 ⁶³⁰

219 1756 354 1790 Omnia
373 1756 598 1800 collustrans,
624 1756 718 1790 hanc
738 1757 896 1801 primum
915 1757 962 1791 ad
982 1757 1108 1791 littora
1126 1757 1276 1791 classem

219 1809 401 1854 Conspexi
419 1810 647 1845 venientem:
676 1810 762 1843 huic
780 1822 851 1853 me,
870 1822 1099 1855 quaecunque
1118 1810 1260 1854 fuisset,

218 1863 379 1898 Addixi:
409 1864 497 1897 satis
517 1866 572 1896 est
591 1866 737 1907 gentem
757 1864 924 1907 effugisse
944 1863 1152 1898 nefandam.

218 1916 296 1950 Vos
315 1917 474 1951 animam
493 1916 587 1950 hanc
605 1917 728 1960 potius
748 1928 967 1961 quocunque
987 1917 1166 1951 absumite
1187 1915 1301 1950 leto.”

271 1969 347 2004 Vix
367 1981 410 2004 ea
428 1970 528 2003 fatus
547 1972 637 2013 erat,
661 1982 804 2004 summo
825 1982 939 2014 quum
959 1973 1084 2004 monte
1103 1970 1271 2004 videmus
1395 1966 1437 1987 ⁶³⁵

220 2023 348 2067 Ipsum
368 2023 465 2056 inter
484 2022 640 2066 pecudes
660 2025 764 2057 vasta
783 2035 820 2057 se
840 2024 935 2057 mole
954 2026 1165 2057 moventem

220 2076 412 2110 Pastorem
432 2076 712 2120 Polyphemum,
738 2079 775 2110 et
795 2077 921 2110 littora
939 2079 1028 2110 nota
1048 2079 1255 2121 petentem:

218 2129 430 2163 Monstrum
442 2129 674 2172 horrendum,
687 2129 1063 2174 informe,i11gens,cui
1076 2130 1200 2163 lumen
1209 2129 1429 2174 ademptum.

218 2183 361 2216 Trunca
380 2194 492 2217 manu
511 2182 620 2226 pinus
639 2183 743 2226 regit,
767 2185 804 2216 et
824 2183 976 2227 vestigia
996 2183 1127 2216 firmat.

219 2235 406 2279 Lanigerze
426 2236 650 2269 comitantur
669 2247 773 2270 oves:
803 2247 846 2269 ea
865 2236 940 2269 sola
958 2235 1138 2280 voluptas,

219 2289 461 2333 Solamenque
481 2289 567 2322 mali
585 2301 591 2323 :
621 2288 666 2322 dc
686 2289 777 2322 00110
797 2289 920 2322 fistula
938 2292 1083 2332 pendet.

219 2341 421 2386 Postquam
442 2341 535 2376 altos
555 2341 681 2385 tetigit
700 2342 842 2380 fluctus,
868 2343 904 2375 et
924 2341 970 2375 ad
990 2352 1138 2385 aequora
1158 2341 1271 2386 venit,

219 2395 386 2429 Luminis
405 2394 524 2428 effossi
543 2393 699 2428 fluidum
718 2394 809 2428 lavit
829 2394 914 2428 iiiuc
934 2405 1034 2427 cruor
1042 2405 1110 2437 cm,

1395 2231 1436 2252 66⁰
