1559 2584
158 105 210 143 98

630 113 818 141 VIRGILII
847 111 1002 140 AENEIS.

268 201 429 244 Vincere,
451 211 518 235 nec
538 199 630 234 duro
647 199 784 244 poteris
803 199 1003 233 convellere
1021 199 1126 234 ferro.

264 255 447 288 Praeterea
461 253 560 297 jacet
578 253 791 287 exanimum
809 252 879 286 tibi
897 264 1026 297 corpus
1045 251 1164 296 amici,

265 307 367 352 (Heu
385 307 514 350 nescis)
533 308 724 350 totamque
743 306 899 339 incestat
917 305 1045 339 funere
1066 305 1215 339 classem
1230 317 1240 347 3

263 360 364 394 Dum
383 359 551 393 consulta
568 359 675 403 petis,
697 360 894 402 nostroque
913 358 953 391 in
972 357 1097 391 limine
1116 358 1261 402 pendes.

265 413 419 446 Sedibus
436 412 535 445 hunc
553 412 646 445 refer
657 413 742 445 ante
761 411 847 454 suis,
869 412 906 444 et
925 410 1038 443 conde
1057 411 1232 454 sepulcro-

264 466 346 499 Duc
364 465 484 508 nigras
502 464 658 508 pecudes
677 477 683 498 :
713 476 755 497 ea
772 463 890 508 prima
907 463 1049 506 piacula
1068 466 1185 497 sunto.

267 518 324 552 Sic
343 518 492 551 demum
510 517 611 550 lucos
632 516 787 560 Stygios,
809 528 920 560 regna
937 516 1036 549 invia
1054 516 1160 559 vivis,

266 570 438 614 Aspicies.
446 570 465 586 ''
521 569 627 603 Dixit
644 581 653 610 ;
680 581 875 612 pressoque
894 568 1080 602 obmutuit
1099 580 1167 602 ore.

321 623 472 666 AEneas,
494 625 624 656 moesto
643 622 785 655 defixus
803 622 943 655 lumina
962 621 1081 664 vultu,

267 676 490 720 Ingreditur,
511 676 682 719 linquens
702 678 849 708 antrum
870 688 877 715 ;
907 685 1089 718 caecosque
1108 674 1253 708 volutat

266 729 432 762 Eventus
450 728 572 762 animo
591 740 713 762 secum
732 740 738 762 :
769 727 828 761 cui
846 727 940 761 fidus
960 727 1119 760 Achates

267 782 304 814 It
324 793 454 825 6011166,
477 784 514 815 61
532 781 679 825 paribus
699 780 793 814 611116
810 780 963 824 vestigia
981 780 1073 823 figit.

268 835 391 868 Multa
408 834 505 868 inter
523 846 599 867 sese
618 834 718 867 vario
735 845 900 867 sermone
921 834 1088 866 serebant
1106 845 1113 874 ;

268 887 385 928 Quem
405 888 541 921 socium
561 887 765 920 exanimem
784 888 896 929 vates,
921 886 1019 929 quod
1039 897 1168 929 corpus
1187 886 1332 919 human.

267 940 423 974 Diceret.
484 940 608 983 Atque
627 940 681 973 1111
699 940 884 973 Misenum
903 939 942 972 ’111
959 939 1083 972 1111016
1102 939 1207 982 61660,

268 992 322 1026 Ut
341 992 483 1036 venere,
505 992 633 1025 vident
650 992 803 1036 indigna
820 994 937 1025 morte
956 994 1187 1035 peremptum
1207 1005 1215 1033 ;

268 1045 455 1079 Misenum
474 1045 660 1087 AEoliden,
684 1056 756 1089 quo
775 1056 851 1078 non
869 1044 1101 1088 praestantior
1119 1044 1210 1078 alter

268 1098 358 1131 AEre
379 1098 470 1131 ciere
490 1098 598 1140 viros,
621 1097 853 1141 Martemque
872 1097 1066 1130 accendere
1087 1099 1206 1130 cantu,

268 1150 440 1184 Hectoris
458 1150 517 1183 hic
535 1150 661 1194 magni
678 1150 797 1183 fuerat
817 1161 935 1183 comes
953 1163 960 1190 ;
990 1149 1150 1183 Hectora
1170 1150 1303 1183 circum

268 1203 318 1236 Et
337 1203 431 1236 lituo
450 1214 590 1247 pugnas
608 1203 760 1247 insignis
780 1203 904 1236 obibat
923 1205 960 1236 et
979 1203 1094 1236 hasta.

269 1256 471 1300 Postquam
489 1256 595 1289 illum
614 1256 730 1289 victor
748 1256 827 1289 vita
846 1255 1015 1299 spoliavit
1035 1255 1207 1298 Achilles,

268 1308 455 1342 Dardanio
475 1309 605 1342 AEneae
624 1320 700 1342 sese
718 1309 938 1342 fortissimus
956 1308 1060 1341 heros

268 1362 474 1396 Addiderat
493 1362 642 1405 socium,
665 1373 739 1396 non
757 1361 928 1395 inferiora
947 1364 1102 1395 secutus.

268 1415 339 1448 Sed
358 1417 452 1458 tum,
473 1415 567 1448 forte
586 1417 675 1448 cava
693 1414 781 1448 dum
798 1417 968 1459 personat
989 1425 1135 1458 aequora
1153 1415 1302 1458 conch-52,

268 1467 440 1511 Demens,
458 1470 495 1501 61
515 1470 625 1501 cantu
643 1471 751 1502 vocat
769 1467 807 1501 in
827 1467 1026 1501 certamina
1044 1467 1169 1510 Divos,

269 1520 442 1554 AEmulus
462 1523 655 1564 exceptum
675 1521 802 1554 Triton
822 1520 867 1563 (61
886 1520 1028 1554 credere
1048 1520 1201 1563 dignum
1221 1523 1290 1555 erni)

268 1573 373 1606 Inter
384 1584 479 1616 'saxa
497 1573 617 1607 virum
637 1575 807 1617 spumosa
824 1573 1049 1606 immerserat
1069 1573 1179 1606 unda.

269 1625 365 1669 Ergo
384 1637 509 1659 omnes
524 1637 655 1669 magno
674 1626 809 1659 circum
828 1626 983 1659 clamore
1002 1626 1207 1659 fremebant
1225 1639 1232 1664 ς

268 1678 455 1722 Praecipue
473 1679 555 1722 pius
576 1679 720 1712 AEneas.
782 1679 874 1712 Tum
889 1679 992 1723 jussa
1010 1678 1158 1722 Sibyllae

269 1731 399 1776 (Haud
418 1731 533 1776 mora)
554 1732 730 1766 festinant
749 1732 878 1765 flentes
896 1745 904 1773 ;
932 1743 1105 1775 aramque
1125 1732 1279 1776 sepulcri

267 1784 467 1828 Congerere
486 1784 686 1827 arboribus,
710 1784 873 1829 coeloque
893 1784 1045 1818 educere
1065 1786 1216 1818 certant.

320 1836 403 1870 Itur
421 1837 459 1870 111
479 1837 669 1881 ant³quam
689 1838 842 1881 sylvam,
864 1837 1009 1870 stabula
1028 1837 1103 1870 alta
1120 1837 1298 1871 ferarum:

266 1888 520 1923 Procumbunt
539 1890 650 1934 piceae
668 1904 675 1931 ;
704 1893 809 1924 sonat
828 1890 901 1923 icta
920 1890 1105 1923 securibus
1122 1889 1207 1931 ilex,

237 1949 240 1952 ’
265 1941 528 1986 Fraxineaeque
546 1943 667 1977 trabes
688 1956 695 1983 ;
724 1943 847 1977 61111616
867 1945 904 1976 61
923 1942 1032 1976 fissile
1050 1942 1161 1976 robur

264 1994 452 2028 Scinditur
469 2008 476 2036 3
505 1995 709 2029 advolvunt
727 1996 894 2039 ingentes
912 1995 1100 2028 montibus
1119 2006 1240 2028 ornos.

264 2046 418 2081 Necnon
438 2047 577 2081 AEneas
596 2060 703 2092 opera
721 2048 817 2082 'mter
834 2048 923 2082 talia
940 2048 1078 2092 primus

264 2099 448 2133 Hortatur
467 2101 592 2144 socios,
615 2101 835 2145 paribusque
854 2097 1055 2144 accingitur
1073 2099 1182 2133 armis
1200 2111 1208 2134 z

262 2153 387 2196 Atque
407 2152 484 2186 haec
502 2153 578 2197 ipse
598 2165 663 2187 suo
682 2154 780 2188 tristi
799 2165 882 2187 cum
901 2153 1007 2187 corde
1026 2152 1182 2195 volutat,

262 2204 464 2248 Aspectans
483 2205 624 2249 sylvam
643 2207 869 2250 immensam,
893 2209 930 2240 61
948 2207 998 2239 616
1018 2217 1104 2239 voce
1123 2207 1291 2249 precatur
1307 2216 1316 2242 ξ

265 2258 291 2274 “
305 2256 342 2290 81
362 2269 460 2291 1111116
479 2270 516 2292 66
535 2259 640 2293 nobis
658 2260 719 2293 ille
738 2271 869 2293 aureus
888 2259 1014 2292 arbore
1033 2269 1156 2291 ramus

262 2308 442 2343 Ostendat
462 2322 606 2345 nemore
621 2313 659 2346 in
677 2315 782 2346 tanto
800 2315 806 2347 ἔ
837 2311 984 2356 quando
1004 2311 1125 2344 omnia
1145 2322 1227 2343 vere

261 2361 347 2395 Heu
367 2363 521 2396 nimium
542 2364 587 2397 de
607 2367 644 2398 te
663 2368 777 2406 vates,
801 2365 956 2407 Misene,
978 2364 1101 2397 locuta
1120 2363 1212 2396 estff‘

1339 886 1413 920 lum
1420 913 1428 929 ‚

1436 303 1475 323 152)

1439 830 1477 849 161)

1439 1095 1477 1115 163

1440 1360 1478 1383 170

1440 1889 1480 1908 150

1437 2150 1477 2170 185
