1528 2569
674 90 808 120 mmm
836 90 897 120 1x.
1361 82 1438 121 150

227 177 323 212 Rem
341 188 521 222 magnam,
542 178 775 223 pretiumque
793 190 904 213 morae
922 179 1009 213 fore.
1070 177 1218 212 Primus
1237 177 1343 213 Iulus

228 231 380 275 Accepit
398 231 571 275 trepidos,
595 243 636 265 ac
655 231 790 265 Nisum
809 231 927 266 dicere
942 231 1062 276 jussit.

229 283 323 317 Tum
341 284 391 317 sic
410 284 631 328 Hyrtacides
649 296 656 319 :
689 286 714 303 “
726 285 865 318 Audite
884 296 905 318 o
923 284 1109 318 mentibus
1128 284 1255 329 aequis,

229 336 409 370 AEneadae
427 349 434 371 :
463 348 555 370 neve
573 336 651 370 haec
669 337 804 371 nostris
823 340 1036 381 spectentur
1053 337 1099 371 ab
1119 338 1236 382 annis,
1401 336 1442 355 ²³⁵¹

231 389 322 430 Quae
341 389 499 424 ferimus.
560 389 694 423 Rutuli
713 401 840 424 somno
859 390 1018 434 vinoque
1037 390 1171 434 sepulti

231 442 445 476 Conticuere
463 455 470 477 :
498 442 619 476 locum
637 442 779 477 insidiis
799 443 1051 487 conspeximus
1069 442 1151 487 ipsi,

232 494 304 536 Qui
322 497 424 538 patet
441 495 481 528 in
499 495 598 529 bivio
617 498 744 539 portae,
767 507 850 540 quae
868 496 1034 540 proxima
1051 498 1166 540 ponto
1181 507 1192 539 ς

231 547 437 592 Interrupti
455 548 568 592 ignes,
590 551 740 592 aterque
759 548 806 582 ad
825 548 943 582 sidera
961 549 1086 583 fumus

231 599 396 644 Erigitur
413 613 420 635 :
448 601 479 634 si
497 602 646 635 fortuna
664 602 876 645 permittitis
894 601 960 645 uti,
1405 599 1446 619 ²⁴⁰

232 653 436 694 Quaesitmn
455 653 600 687 AEnean
619 654 665 687 ad
684 654 819 688 moenia
837 654 1028 688 Pallantea

230 706 324 740 Mox
341 706 401 740 hic
420 717 503 740 cum
521 707 657 750 spoliis,
679 707 821 750 ingenti
840 707 937 740 caede
955 709 1114 751 peracta,

231 759 355 793 Affore
374 759 536 793 cernetis.
597 759 635 792 Ν
638 771 676 793 ec
695 771 762 792 nos
779 759 840 792 via
856 759 953 793 fallit
971 761 1100 793 euntes
1116 772 1123 793 :

232 811 405 845 Vidimus
424 811 585 845 obscuris
603 812 759 856 primam
777 811 844 845 sub
863 812 1020 846 vallibus
1037 812 1166 846 urbem

232 863 383 898 Venatu
401 864 558 907 assiduo,
581 867 618 898 et
636 867 758 898 totum
777 865 1012 909 cognovimus
1031 876 1185 899 amnem.
1192 864 1214 882 ''
1405 863 1447 883 ²⁴⁵

233 917 308 951 Hic
326 917 431 950 annis
449 918 568 961 gravis
588 920 699 962 atque
719 917 832 951 animi
849 920 1017 951 maturus
1036 917 1162 951 Aletes
1180 931 1186 953 :

237 971 262 988 “
276 970 325 1003 Di
343 970 464 1014 patrii,
487 981 643 1014 quorum
661 982 803 1014 semper
821 971 888 1004 sub
907 970 1058 1004 numine
1077 971 1184 1015 Troja
1203 974 1270 1016 est,

235 1022 322 1056 Non
341 1026 465 1056 tamen
485 1024 634 1057 omnino
653 1023 809 1057 Teucros
828 1024 947 1057 delere
966 1023 1114 1068 paratis,

236 1075 358 1116 Quum
377 1076 469 1110 tales
487 1076 626 1110 animos
641 1076 821 1120 juvenum
840 1079 876 1110 et
895 1079 972 1110 tam
991 1079 1090 1110 certa
1106 1076 1245 1110 tulistis

234 1127 427 1163 Pectora.''
485 1128 543 1162 Sic
560 1141 776 1172 memorans,
797 1130 968 1163 humeros
988 1130 1208 1173 dextrasque
1227 1130 1378 1164 tenebat
1406 1128 1449 1147 ²⁵⁰

236 1181 455 1225 Amborum,
477 1184 514 1216 et
535 1182 679 1215 vultum
698 1182 867 1226 lacrymis
885 1185 996 1226 atque
1016 1194 1079 1216 ora
1095 1183 1237 1226 rigabat
1255 1195 1262 1217 :

240 1235 266 1252 ‘⁶
283 1234 372 1275 Quae
393 1235 507 1278 vobis,
530 1246 613 1279 quae
632 1235 755 1279 digna,
776 1235 855 1278 viri,
879 1246 944 1279 pro
963 1235 1133 1269 laudibus
1150 1235 1243 1280 istis,

237 1287 394 1321 Praemia
413 1300 515 1332 posse
534 1300 614 1321 rear
632 1288 750 1323 solvi?
776 1288 1017 1332 pulcherrima
1034 1288 1193 1332 primum

237 1339 287 1374 Di
305 1351 495 1385 moresque
515 1341 657 1374 dabunt
676 1341 788 1374 vestri
804 1355 812 1382 ;
840 1344 921 1374 tum
940 1344 1058 1374 cetera
1075 1341 1206 1375 reddet

238 1394 420 1427 Actutum
439 1394 520 1438 pius
540 1394 691 1437 AEneas,
713 1397 824 1438 atque
843 1394 984 1437 integer
1002 1393 1073 1427 aevi
1411 1392 1453 1414 ²⁵⁵

238 1446 430 1490 Ascanius,
452 1447 574 1480 meriti
592 1447 689 1480 tanti
707 1459 782 1481 non
800 1447 992 1480 immemor
1008 1447 1212 1490 unquam.'’

243 1500 268 1517 “
285 1499 404 1533 Immo
423 1511 488 1543 ego
507 1511 582 1543 vos,
607 1500 666 1533 cui
684 1500 760 1533 sola
779 1500 876 1533 salus
894 1500 1058 1544 genitore
1076 1500 1268 1545 reduct0,”

240 1551 389 1596 Excipit
408 1552 598 1596 Ascanius,
625 1554 726 1597 “per
744 1564 906 1596 magnos,
929 1553 1030 1595 Nise,
1055 1553 1226 1597 Penates,

241 1605 482 1650 Assaracique
501 1605 642 1649 Lirem,
667 1608 704 1640 et
724 1617 822 1639 canae
840 1606 1041 1649 penetralia
1059 1605 1197 1650 Vestae,

242 1657 414 1692 Obtestor
433 1658 676 1703 (quaecunque
695 1658 785 1692 mihi
804 1659 953 1692 fortuna
971 1659 1134 1702 fidesque
1153 1662 1222 1704 est,
1414 1658 1458 1678 ²⁶⁰

242 1710 289 1744 In
308 1712 438 1745 vestris
456 1723 552 1755 pono
570 1711 743 1757 gremiis),
764 1714 930 1745 revocate
948 1714 1136 1755 parentem
1152 1725 1161 1754 3

243 1763 404 1798 Reddite
424 1767 658 1808 conspectum
676 1778 683 1799 2
711 1764 804 1797 nihil
822 1764 886 1798 illo
904 1764 1009 1797 triste
1028 1768 1182 1808 recepto.

243 1816 339 1850 Bina
358 1817 451 1850 dabo
470 1820 620 1860 argento
639 1817 800 1861 perfecta
817 1820 928 1861 atque
947 1828 1072 1860 aspera
1091 1817 1203 1861 signis

244 1869 394 1912 Pocula,
417 1870 561 1903 devicta
580 1870 723 1914 genitor
742 1881 824 1914 quae
843 1870 938 1913 cepit
956 1869 1090 1903 Arisba
1106 1883 1115 1911 ;

244 1922 294 1956 Et
312 1922 474 1966 tripodas
493 1923 656 1966 geminos
673 1936 682 1964 ;
710 1923 789 1956 auri
809 1922 883 1956 duo
902 1933 1035 1966 magna
1052 1923 1195 1957 talenta
1212 1936 1222 1965 ;
1418 1922 1459 1942 2⁰⁵

245 1975 393 2009 Cratera
411 1977 619 2019 antiquum,
642 1987 751 2020 quem
771 1975 834 2009 dat
855 1975 1002 2009 Sidonia
1020 1975 1127 2010 Dido.

245 2028 284 2062 Si
302 2040 388 2061 vero
408 2040 533 2072 capere
553 2029 700 2062 Italiam
720 2028 942 2072 sceptrisque
960 2028 1073 2072 potiri

246 2080 448 2125 Contigerit
467 2081 609 2125 victori,
631 2084 669 2115 et
687 2081 821 2125 praedae
841 2081 972 2114 ducere
992 2083 1127 2115 sortem
1145 2094 1152 2116 :

245 2133 397 2178 Vidisti,
419 2146 492 2179 quo
512 2135 656 2168 Turnus
676 2145 781 2178 equo,
805 2134 938 2178 quibus
955 2133 1033 2167 ibat
1052 2134 1091 2167 in
1111 2135 1230 2178 armis,

244 2187 390 2220 Aureus
407 2187 418 2221 2
446 2187 566 2232 ipsum
585 2187 691 2221 illum
710 2188 879 2231 clypeum
898 2186 1096 2231 cristasque
1115 2188 1290 2221 rubentes

245 2239 435 2284 Excipiam
454 2241 555 2284 sorti,
573 2241 651 2285 jam
670 2251 769 2274 nunc
787 2242 852 2274 tua
870 2240 1030 2284 praemia,
1053 2239 1153 2275 Nise.

245 2292 429 2328 Praeterea
447 2294 502 2327 bis
520 2306 584 2327 sex
603 2294 746 2338 genitor
764 2293 959 2326 lectissima
977 2295 1138 2326 matrum

246 2343 416 2390 Corpora,
438 2347 672 2391 captivosque
691 2346 806 2389 dabit,
829 2357 966 2390 suaque
985 2346 1154 2380 omnibus
1174 2358 1273 2380 arma
1290 2358 1298 2381 ε
