1559 2584
152 62 231 101 156

613 70 802 98 VIRGILII
830 69 986 98 AENEIS.

255 159 400 194 Annuit
420 171 429 201 ;
457 160 495 193 et
512 160 636 193 totum
654 161 752 193 nutu
769 157 975 193 tremefecit
994 157 1203 203 Olympum.

255 213 352 257 Ergo
371 212 497 246 aderat
515 211 691 256 promissa
709 211 798 255 dies,
820 214 859 245 et
875 214 1040 256 tempora
1057 212 1182 246 Parcae

255 266 391 300 Debita
409 264 654 309 complerant;
683 275 797 308 quum
817 264 932 298 Turni
949 264 1086 308 injuria
1103 267 1260 299 matrem

254 317 461 353 Admonuit
479 318 587 351 sacris
605 317 747 352 ratibus
765 317 945 362 depellere
962 317 1087 352 taedas.

255 371 330 406 Hic
347 371 506 415 primum
524 381 621 404 nova
637 370 704 404 lux
723 369 838 404 oculis
856 370 1004 414 effulsit,
1026 373 1064 404 et
1081 371 1210 415 ingens

255 424 368 458 Visus
385 424 432 458 ab
450 424 594 458 Aurora
611 423 745 458 coelum
762 426 1008 457 transcurrere
1026 423 1186 467 nimbus,

255 477 422 521 Idaeique
440 476 561 518 chori;
588 479 670 510 tum
689 487 763 510 vox
779 476 960 510 horrenda
977 487 1043 521 per
1059 487 1166 511 auras

254 530 417 574 Excidit,
439 533 477 563 et
496 529 632 564 Troum
650 529 950 574 Rutulorumque
968 529 1114 574 agmina
1131 529 1308 574 complet:

258 585 285 602 “
301 583 360 617 Ne
378 582 563 627 trepidate
582 594 693 627 meaS,
715 582 856 627 Teucri,
879 582 1075 616 defendere
1093 593 1217 626 naves,

255 636 360 670 Neve
379 638 517 670 armate
535 647 685 670 manus:
713 636 828 670 maria
845 639 932 670 ante
951 647 1101 670 exurere
1119 636 1242 670 Turno

257 689 375 730 Quam
395 700 512 723 sacras
530 689 680 723 dabitur
696 688 814 733 pinus.
875 688 952 723 Vos
971 689 1022 723 ite
1039 689 1182 733 solutae,

256 743 325 786 Ite,
350 743 439 776 Deae
457 742 576 786 pelagi
597 755 603 776 :
633 741 803 776 Genitrix
818 741 964 786 jubet.''
1022 741 1072 776 Et
1090 754 1155 777 sua
1174 753 1330 787 quaeque

257 795 441 830 Continuo
460 806 600 840 puppes
619 795 844 840 abrumpunt
866 795 1010 829 vincula
1027 795 1127 840 ripis,

256 849 554 893 Delphinumque
573 848 682 882 modo
702 849 875 882 demersis
893 859 1040 892 aequora
1057 848 1184 882 rostris

257 902 339 936 Ima
355 903 498 946 petunt.
559 901 659 935 Hinc
677 901 848 946 virgineae
869 901 1048 946 (mirabile
1066 904 1271 936 monstrum
1288 902 1325 948 3),

258 954 358 996 Quot
376 954 476 999 prius
495 957 617 988 aeratae
637 957 815 988 steterant
833 954 879 988 ad
898 954 1024 988 littora
1041 966 1170 998 prorae,

256 1008 438 1042 Reddunt
456 1019 493 1041 se
511 1008 669 1041 totidem
686 1008 808 1051 facies,
829 1010 1017 1051 pontoque
1034 1007 1213 1043 feruntur.

311 1060 542 1104 Obstupuere
561 1060 692 1094 animis
711 1060 845 1094 Rutuli
861 1073 869 1094 :
898 1061 1115 1094 conterritus
1133 1060 1211 1104 ipse

259 1113 430 1148 Turbatis
449 1113 641 1158 Messapus
660 1113 764 1158 equis
782 1126 789 1148 ;
818 1115 1012 1147 cunctatur
1029 1116 1066 1147 et
1085 1114 1203 1148 amnis

257 1167 383 1202 Rauca
401 1178 547 1210 sonans,
568 1169 786 1211 revocatque
805 1167 936 1210 pedem
955 1167 1147 1201 Tiberinus
1165 1167 1212 1201 ab
1230 1167 1315 1202 alto.

258 1220 310 1254 At
329 1231 403 1254 non
422 1219 552 1253 audaci
570 1220 676 1254 cessit
694 1219 828 1253 fiducia
845 1220 990 1261 Turn03

258 1272 368 1307 Ultro
386 1272 526 1306 animos
544 1273 643 1306 tollit
662 1273 782 1317 dictis,
803 1275 915 1316 atque
932 1273 1095 1317 increpat
1114 1273 1212 1308 ultro
1230 1286 1238 1309 ς

236 1358 245 1363 ,
261 1327 288 1345 “
301 1325 476 1370 Trojanos
494 1326 573 1360 haec
592 1329 757 1360 monstra
777 1328 910 1370 petunt
928 1339 936 1367 ;
964 1326 1021 1360 his
1040 1326 1190 1370 Jupiter
1207 1327 1283 1371 ipse

257 1379 451 1413 Auxilium
469 1379 618 1413 solitiun
637 1379 790 1424 eripuit:
818 1391 893 1413 non
910 1379 997 1423 tela,
1018 1391 1084 1413 nec
1103 1380 1204 1423 ignes

257 1432 484 1477 Exspectant
503 1432 674 1466 Rutulos.
735 1433 831 1476 Ergo
849 1433 965 1466 maria
982 1433 1082 1466 invia
1100 1433 1260 1477 Teucris,

257 1485 339 1519 Nec
357 1496 438 1530 spes
456 1485 533 1519 ulla
550 1485 647 1529 fugae
663 1499 672 1526 ;
699 1497 821 1519 rerum
840 1497 924 1529 pars
942 1486 1058 1520 altera
1077 1486 1249 1531 adempta
1267 1489 1322 1521 est
1342 1499 1349 1522 z

258 1538 368 1572 Terra
386 1540 512 1572 autem
530 1538 569 1571 in
588 1538 757 1572 manibus
776 1539 910 1572 nostris
928 1552 936 1580 ;
964 1541 1021 1572 tot
1039 1539 1154 1573 millia
1172 1542 1300 1584 gentes

257 1592 372 1626 Arma
389 1591 515 1625 ferunt
534 1591 649 1626 Italae.
713 1591 779 1624 Nil
798 1603 855 1625 me
875 1591 1003 1625 fatalia
1021 1594 1172 1636 terrent,

258 1645 297 1679 Si
315 1656 388 1688 qua
406 1644 572 1688 Phryges
590 1656 666 1688 prae
685 1656 722 1678 se
737 1644 894 1688 jactant,
916 1656 1088 1689 responsa
1106 1645 1277 1680 Deorum.

257 1697 322 1732 Sat
340 1697 426 1731 fatis
445 1697 655 1741 Venerique
675 1697 815 1740 datum,
837 1697 989 1741 tetigere
1009 1698 1108 1742 quod
1127 1710 1214 1733 arva

256 1750 404 1784 Fertilis
422 1750 597 1784 Ausonjae
616 1750 726 1784 Troes
746 1763 752 1784 :
782 1753 869 1784 sunt
888 1754 924 1784 et
943 1762 1024 1784 mea
1042 1753 1169 1785 contra

257 1803 351 1837 Fata
369 1803 471 1847 mihi,
493 1803 589 1837 ferro
609 1804 821 1837 sceleratam
840 1804 1048 1838 exscindere
1067 1807 1226 1849 gentem,

256 1855 422 1900 Conjuge
441 1859 623 1900 praerepta
641 1869 647 1891 :
675 1868 743 1890 nec
761 1857 857 1890 solos
874 1857 996 1901 tangit
1014 1857 1166 1891 Atridas

256 1908 334 1943 Iste
354 1909 470 1953 dolor,
491 1909 650 1954 solisque
668 1910 754 1943 licet
774 1921 899 1954 capere
918 1922 1019 1945 arma
1037 1911 1217 1955 Mycenis.

256 1962 328 1997 Sed
346 1962 493 2007 periisse
513 1963 624 1996 semel
642 1963 730 1996 satis
748 1965 823 1998 est:
852 1975 998 2007 peccare
1016 1964 1145 1998 fuisset

255 2016 355 2049 Ante
374 2016 474 2058 satis,
496 2016 643 2060 penitus
661 2016 769 2050 mode
787 2028 862 2050 non
881 2028 995 2061 genus
1014 2029 1121 2050 omne
1138 2027 1283 2061 perosos

255 2068 486 2102 Foemineum
507 2080 513 2102 :
543 2069 676 2114 quibus
695 2069 774 2103 haec
792 2070 903 2103 medii
922 2070 1056 2104 fiducia
1073 2070 1172 2113 valli,

255 2121 525 2166 Fossarumquc
544 2134 668 2166 morae,
690 2123 755 2156 leti
774 2121 985 2157 discrimina
1003 2134 1126 2167 parva,

254 2173 356 2208 Dant
375 2174 525 2209 animos.
585 2176 639 2209 At
656 2187 731 2210 non
751 2176 922 2210 viderunt
940 2176 1076 2210 moenia
1093 2176 1225 2221 Trojae,

255 2226 425 2270 Neptuni
443 2227 619 2262 fabricata
637 2241 759 2272 manu,
784 2229 969 2263 considere
987 2229 1026 2262 in
1044 2229 1174 2273 ignes?

256 2278 328 2313 Sed
347 2291 423 2324 VOS,
444 2292 466 2314 o
485 2281 570 2315 lecti
589 2283 596 2316 Ξ
625 2283 721 2316 ferro
741 2282 823 2326 quis
840 2282 1003 2316 scindere
1021 2282 1160 2316 valhun

255 2333 433 2378 Apparat,
455 2336 492 2367 et
510 2346 653 2369 meeum
671 2335 814 2369 invadit
831 2335 1054 2380 trepidantia
1073 2338 1190 2370 castra
1205 2335 1218 2370 ’ἐ

1429 367 1468 389 no

1430 634 1469 654 115

1429 899 1470 920 120

1430 1165 1469 1186 12³

1431 1431 1472 1452 130

1431 1697 1472 1717 135

1432 1963 1472 1983 140

1429 2227 1469 2248 14⁵
