1528 2569
670 94 803 120 LIBER
833 94 875 121 x.
1357 84 1403 120 17
1412 86 1431 119 7

225 177 356 212 Noctis
374 179 443 213 iter
463 193 470 221 ;
495 179 573 224 jam
593 191 675 224 quae
694 191 820 224 passus
838 183 1008 223 terraque
1028 180 1198 224 marique.

278 231 435 266 Pandite
453 244 552 266 nunc
570 233 758 276 Helicona,
782 233 882 276 Deae,
905 235 1106 276 cantusque
1125 236 1268 266 movete
1285 245 1293 273 ς

227 283 317 325 Quae
335 296 465 318 manus
482 285 622 319 interea
641 285 765 320 Tuscis
785 286 979 319 comitetur
997 285 1043 319 ab
1062 285 1133 319 oris

225 336 383 380 AEnean,
405 341 593 382 armetque
611 340 718 381 rates,
742 338 941 382 pelagoque
961 337 1127 372 vehatur.
1398 336 1434 355 ¹⁶⁶

278 389 456 424 Massicus
475 393 587 424 aerata
604 391 769 435 princeps
784 394 881 425 secat
900 402 1046 434 aequora
1065 390 1163 434 Tigri
1183 403 1192 432 3

227 441 301 476 Sub
321 455 393 487 quo
412 443 511 477 mille
529 455 660 477 manus
683 444 876 488 juvenum,
899 444 963 487 qui
981 444 1115 477 moenia
1135 443 1246 486 Clusi,

225 494 368 540 Quique
386 497 514 530 urbem
531 497 670 540 liquere
690 496 799 530 Cosas
817 509 825 538 3
854 499 956 540 queis
976 496 1061 539 tela,
1085 496 1243 539 sagittae,

225 548 422 593 Corytique
441 549 538 583 leves
556 549 728 593 humeris,
751 552 787 582 et
805 550 926 583 letifer
945 560 1057 583 arcus,

224 600 309 635 Una
327 605 454 636 torvus
473 603 572 636 Abas
590 615 596 637 :
625 602 710 636 huic
727 605 848 635 totum
867 602 1069 646 insignibus
1087 601 1197 635 armis
1399 597 1438 620 ¹⁷⁰

224 656 379 697 Agmen,
402 658 437 688 et
456 658 584 689 aurato
602 656 765 699 fulgebat
785 655 954 699 Apolline
973 654 1113 698 puppis.

225 706 420 741 Sexcentos
439 708 492 741 illi
511 708 661 741 dederat
680 708 884 751 Populonia
902 710 1018 741 mater

224 758 403 804 Expertos
421 761 507 794 belli
522 761 677 804 juvenes
695 773 702 795 :
731 763 786 794 ast
806 761 887 794 Ilva
904 761 1086 793 trecentos

224 811 360 856 Insula,
382 813 610 847 inexhaustis
628 813 833 856 Chalybum
850 824 1022 856 generosa
1040 811 1208 855 metallis,

225 865 380 909 Tertius,
401 867 462 900 ille
480 866 670 900 hominum
689 866 898 909 Divfimque
916 865 1095 909 interpres
1114 864 1245 908 Asylas

227 919 310 963 (Cui
328 919 508 962 pecudum
528 919 640 962 fibrae,
663 919 745 953 coeli
764 919 822 952 cui
841 918 958 952 sidera
976 921 1106 962 parent

225 971 275 1005 Et
292 972 426 1016 linguae
444 972 645 1015 volucrum,
668 975 704 1006 et
723 971 874 1016 praesagi
890 971 1055 1005 fulminis
1072 969 1202 1014 ignes),

225 1023 331 1058 Mille
349 1025 445 1068 rapit
464 1025 594 1058 densos
612 1025 699 1067 acie,
722 1027 832 1068 atque
851 1023 1083 1057 horrentibus
1102 1024 1216 1056 hastis
1237 1034 1244 1056 :

227 1076 307 1111 Hos
324 1089 448 1121 parere
472 1077 607 1122 jubent
626 1078 778 1122 Alpheae
797 1077 842 1111 ab
861 1077 998 1121 origine
1018 1076 1124 1119 Pisae,

227 1130 323 1164 Urbs
342 1131 495 1164 Etrusca
513 1131 597 1165 solo.
637 1130 810 1175 Sequitur
827 1128 1091 1174 pulcherrimus
1106 1129 1232 1171 Astur,

226 1184 341 1217 Astur
359 1195 453 1228 equo
472 1183 589 1217 fidens
607 1186 645 1217 et
663 1183 938 1217 versicoloribus
957 1183 1074 1216 armis.

226 1236 443 1270 Tercentum
459 1237 637 1280 adjiciunt
658 1236 775 1280 (mens
794 1236 961 1269 omnibus
979 1247 1054 1269 una
1073 1233 1264 1278 sequendi)

226 1290 298 1331 Qui
317 1290 455 1324 Caerete
473 1289 593 1332 domo,
616 1290 678 1333 qui
698 1291 783 1322 sunt
796 1289 972 1322 Minionis
990 1288 1027 1321 in
1047 1287 1155 1330 arvis,

226 1343 276 1377 Et
297 1343 409 1386 Pyrgi
426 1346 578 1384 veteres,
600 1343 900 1385 intempestaeque
921 1341 1112 1375 Graviscae.

280 1396 367 1429 Non
387 1407 451 1439 ego
470 1399 519 1438 te,
543 1395 718 1439 Ligiunm
737 1395 867 1428 ductor
886 1393 1080 1427 fortissime
1098 1393 1206 1436 bello,

226 1448 455 1491 Transierim‚
479 1449 613 1492 Cinyra
631 1461 637 1489 ;
667 1451 703 1482 et
722 1448 845 1492 paucis
865 1447 1035 1481 comitate
1056 1446 1204 1490 Cupavo
1225 1458 1233 1486 ;

226 1501 340 1546 Cujus
359 1501 506 1535 olorinae
526 1504 680 1545 surgunt
699 1501 744 1534 de
760 1501 893 1534 vertice
912 1511 1049 1543 pennae.

226 1555 370 1588 Crimen
389 1566 490 1588 amor
507 1558 681 1597 vestrum,
703 1554 901 1597 formaeque
916 1553 1056 1596 ins‘gne
1075 1554 1247 1596 paternae.

224 1607 397 1652 Namque
416 1607 551 1650 ferunt,
573 1607 677 1641 luctu
697 1607 859 1650 Cycnum
880 1605 1121 1639 Phaethontis
1140 1603 1261 1646 amati,

226 1659 407 1704 Populeas
425 1661 522 1694 inter
535 1660 683 1694 frondes
702 1660 941 1703 umbramque
960 1669 1122 1692 sororum

226 1713 326 1748 Dum
346 1714 455 1756 canit,
478 1717 515 1746 et
534 1717 707 1746 moestum
726 1715 832 1746 musa
851 1712 989 1745 solatur
1007 1721 1178 1752 amorem,

228 1766 427 1800 Canentem
446 1767 548 1799 molli
566 1766 692 1809 pluma
710 1765 858 1799 duxisse
878 1767 1073 1806 senectam,

227 1819 474 1863 Linquentem
493 1822 618 1861 terras,
642 1822 678 1852 et
695 1818 811 1851 sidera
829 1829 915 1851 voce
935 1818 1155 1860 sequentem.

227 1871 355 1915 Filius,
377 1873 534 1916 aequales
553 1871 746 1905 comitatus
766 1871 875 1904 classe
894 1873 1065 1911 catervas,

228 1925 421 1969 Ingentem
440 1925 547 1958 remis
567 1925 790 1958 Centaurum
809 1925 1017 1967 promovet:
1046 1922 1107 1955 ille

228 1978 350 2012 Instat
369 1989 485 2022 aquae,
508 1989 709 2021 saxumque
727 1976 837 2010 undis
855 1976 1012 2009 immane
1030 1975 1192 2008 minatur

228 2032 388 2074 Arduus,
411 2034 448 2064 et
466 2031 574 2075 longa
592 2031 708 2064 sulcat
727 2030 840 2063 maria
858 2029 932 2062 alta
951 2029 1079 2062 carina.

283 2085 350 2118 Ille
370 2084 480 2117 etiam
499 2084 626 2128 patriis
645 2095 771 2127 agmen
794 2083 864 2115 ciet
884 2082 1006 2115 Ocnus
1024 2081 1070 2115 ab
1089 2079 1173 2123 oris,

229 2138 404 2172 Fatidicae
420 2137 573 2170 Mantus
592 2139 628 2170 et
644 2136 751 2170 Tusci
772 2135 866 2169 filius
884 2134 1011 2176 amnis,

230 2190 302 2231 Qui
321 2202 444 2224 muros
461 2190 661 2234 matiisque
680 2189 782 2222 <ledit
801 2188 882 2230 tibi,
901 2189 1072 2229 Mantua,
1096 2197 1229 2220 nomen
1248 2198 1256 2227 3

231 2243 400 2286 Mantua,
425 2243 526 2277 dives
544 2243 621 2277 avis
639 2256 647 2283 ;
676 2242 739 2276 sed
759 2253 833 2275 non
851 2252 965 2285 genus
984 2239 1152 2273 omnibus
1171 2250 1307 2273 unum:

231 2296 330 2330 Gens
343 2297 396 2330 illi
413 2296 559 2340 triplex,
583 2295 708 2340 populi
727 2295 794 2329 sub
812 2297 920 2338 gente
939 2293 1109 2338 quaterni
1125 2305 1133 2333 ;

232 2349 317 2393 Ipsa
336 2352 446 2394 caput
463 2349 605 2393 populis
623 2362 630 2390 3
659 2349 774 2382 Tusco
793 2348 838 2381 de
858 2346 1032 2390 sanguine
1051 2345 1153 2379 vires.

1222 2403 1234 2424 1
1259 2395 1277 2424 3

1399 860 1438 883 ¹75

1399 1124 1438 1144 180

1401 1388 1438 1408 1⁸⁶

1405 1916 1442 1936 19³
