1559 2584
127 87 180 124 36

558 98 743 125 VIRGILII
773 97 1005 126 GEORGICA.

283 184 468 229 Principio
485 184 673 219 arboribus
691 185 792 220 varia
810 188 867 220 est
885 188 1019 220 natura
1044 184 1222 223 creandis,

232 237 404 282 Namque
424 238 517 281 aliae,
539 238 648 272 nullis
667 238 859 272 hominum
878 239 1102 283 cogentibus,
1124 240 1212 284 ipsae

233 290 369 335 Sponte
389 293 456 325 sua
475 289 642 334 veniunt,
665 303 880 335 camposque
900 295 937 325 et
949 292 1100 327 flumina
1118 293 1192 327 late

232 344 352 378 Curva
369 346 498 378 tenent
516 356 522 378 :
550 346 594 378 ut
612 344 721 377 molle
740 344 834 387 siler,
856 345 1038 388 lentaeque
1053 347 1216 389 genistae,

232 397 408 441 Populus,
430 400 467 431 et
485 397 614 441 glauca
633 397 799 431 canentia
816 397 946 431 fronde
965 399 1100 433 salicta.

234 450 324 484 Pars
344 453 466 484 autem
485 450 603 494 posito
622 452 777 494 surgunt
797 450 842 484 de
861 451 997 484 semine
1016 463 1022 486 :
1051 454 1094 485 ut
1112 452 1197 485 altae

232 503 431 547 Castaneae,
449 514 711 546 nemorumque
731 503 758 536 J
760 503 819 537 ovi
837 515 920 547 quae
939 504 1098 537 maxima
1116 504 1263 538 frondet

233 556 418 599 AEsculus,
446 559 558 599 atque
577 556 711 589 habitae
731 556 850 590 Graiis
869 557 1013 590 oracula
1032 569 1195 601 quercus.

233 609 399 643 Pullulat
417 609 463 643 ab
482 609 601 642 radice
621 609 701 643 aliis
720 609 932 643 densissima
952 610 1056 653 sylva
1073 623 1079 645 :

234 662 287 696 Ut
307 662 448 705 cerasis,
469 662 651 706 ulmisque
671 675 679 703 3
707 662 818 696 etiam
837 663 1029 697 Parnassia
1051 663 1175 697 laurus

233 715 353 749 Parva
371 715 438 749 sub
457 715 598 759 ingenti
616 716 742 749 matris
761 727 799 749 se
820 716 967 760 subjicit
995 716 1135 750 umbra.

233 769 314 802 Hos
333 771 465 802 natura
483 768 609 802 modos
628 769 787 813 primum
806 768 909 802 dedit
928 782 934 804 :
963 769 1019 802 his
1038 781 1152 812 genus
1171 781 1278 802 omne

234 821 428 866 Sylvarum
447 821 694 866 fruticumque
712 822 819 865 viret,
841 833 1103 866 nemorumque
1132 834 1326 858 sacrorum.

235 875 329 909 Sunt
348 875 421 918 alii,
445 885 536 918 quos
561 874 637 918 ipse
660 875 720 908 via
740 875 809 908 sibi
826 875 960 919 reperit
980 887 1079 909 usus.

234 928 307 962 Hic
325 928 468 972 plantas
493 930 617 961 tenero
636 928 849 962 abscindens
869 928 914 961 de
934 939 1080 972 corpore
1101 931 1262 963 matrum

233 981 414 1025 Deposuit
432 980 540 1014 sulcis
560 994 567 1023 3
597 981 656 1014 hic
675 981 806 1024 stirpes
826 981 949 1015 obruit
969 993 1067 1025 arvo,

234 1033 536 1077 Quadrifidasque
556 1034 675 1077 sudes,
701 1037 738 1068 et
756 1037 863 1068 acuto
882 1034 1008 1068 robore
1028 1034 1143 1068 vallos
1158 1046 1169 1077 ;

236 1087 503 1131 Sylvarumque
522 1087 602 1121 aliae
622 1099 760 1131 pressos
779 1087 985 1131 propaginis
1005 1099 1108 1121 arcus

234 1140 453 1184 Expectant,
475 1142 511 1173 et
530 1140 614 1174 viva
633 1142 699 1174 sua
718 1140 897 1184 plantaria
916 1138 1022 1174 terra.

234 1193 301 1227 Nil
318 1194 449 1227 radicis
468 1196 576 1237 egent
595 1193 675 1227 aliae
695 1206 703 1235 ;
732 1205 988 1237 summumque
1007 1196 1158 1237 putator

234 1246 348 1281 Haud
367 1246 514 1280 dubitat
527 1248 633 1280 terrae
652 1247 810 1280 referens
824 1247 996 1280 mandare
1016 1258 1197 1281 cacumen.

235 1299 333 1341 Quin
352 1302 389 1333 et
408 1299 616 1333 caudicibus
636 1300 741 1333 sectis
762 1299 940 1344 (mirabile
960 1300 1076 1345 dictu)

234 1353 409 1387 Truditur
427 1365 446 1386 e
465 1352 557 1386 sicco
575 1353 680 1386 radix
698 1353 861 1396 oleagina
879 1353 986 1396 ligno.

234 1406 284 1441 Et
303 1418 397 1450 saepe
416 1406 564 1440 alterius
583 1418 701 1440 ramos
719 1406 867 1450 impune
888 1406 1052 1440 videmus

234 1459 388 1493 Vertere
407 1460 446 1492 in
464 1459 613 1493 alterius
634 1473 642 1501 ;
670 1462 922 1503 mutatamque
941 1459 1051 1493 insita
1069 1460 1165 1494 mala

234 1513 343 1547 Ferre
362 1512 494 1556 pirum,
517 1515 553 1546 et
572 1513 698 1556 prunis
718 1512 881 1557 lapidosa
898 1513 1086 1546 rubescere
1105 1524 1222 1547 corna.

288 1565 406 1607 Quare
425 1565 520 1609 agite
540 1578 572 1608 o,
593 1566 756 1610 proprios
775 1566 973 1609 generatim
992 1566 1118 1599 discite
1139 1566 1272 1611 cultus,

233 1619 423 1663 Agricolae,
447 1619 659 1663 fructusque
679 1620 772 1652 feros
791 1619 931 1652 mollite
951 1619 1102 1652 colendo
1121 1631 1130 1660 ;

233 1672 320 1706 Neu
345 1684 470 1716 segnes
488 1671 634 1715 jaceant
652 1675 768 1706 terrae.
829 1672 946 1706 Juvat
965 1672 1103 1705 Ismara
1122 1672 1264 1706 Baccho

235 1725 441 1768 Conserere,
464 1726 574 1769 atque
595 1725 673 1759 olea
691 1737 864 1769 magnum
883 1725 1016 1759 vestire
1037 1725 1255 1759 Taburnum.

234 1779 362 1823 Tuque
382 1778 479 1822 ach‚
502 1779 763 1822 inceptumquc
782 1790 855 1812 una
874 1778 1023 1812 decurre
1043 1778 1214 1822 laborem,

235 1831 265 1866 Ο
286 1832 407 1875 decus,
429 1843 450 1865 o
469 1833 575 1867 famae
595 1832 725 1865 merito
744 1843 827 1876 pars
846 1831 1004 1865 maxima
1023 1833 1170 1874 nostrae,

233 1885 430 1928 Maecenas,
451 1887 648 1929 pelagoque
676 1885 803 1918 volans
822 1884 869 1918 da
887 1885 968 1918 vela
986 1885 1137 1928 patenti.

233 1938 322 1972 Non
341 1950 406 1982 ego
426 1941 557 1973 cuncta
575 1938 664 1971 meis
683 1937 854 1981 amplecti
872 1938 1035 1971 versibus
1056 1941 1144 1981 opto
1164 1950 1171 1972 ε

233 1991 334 2035 Non,
360 1992 450 2025 mihi
476 1993 506 2026 si
531 1992 665 2035 linguae
694 1994 841 2025 centum
861 1991 946 2034 sint,
970 2002 1104 2034 oraque
1120 1993 1280 2035 centum,

234 2045 368 2078 Ferrea
387 2057 479 2080 vox:
508 2045 606 2088 ades,
629 2046 665 2077 et
684 2044 791 2088 primi
809 2044 887 2088 lege
907 2044 1040 2077 littoris
1060 2055 1168 2078 oram.

234 2098 279 2131 In
298 2098 465 2132 manibus
484 2101 591 2132 terrae
611 2111 617 2132 :
646 2109 720 2131 non
739 2097 797 2130 hic
817 2100 853 2131 te
874 2097 1030 2131 carmine
1051 2097 1136 2131 ficto

231 2151 355 2194 Atque
375 2163 438 2195 per
456 2152 623 2195 ambages
642 2153 678 2184 et
697 2151 808 2194 longa
829 2162 956 2184 exorsa
974 2150 1116 2184 tenebo.

286 2204 422 2248 Sponte
443 2207 509 2238 sua
530 2216 611 2248 quae
631 2216 667 2237 se
687 2204 825 2237 tollunt
844 2204 882 2236 in
902 2203 1050 2236 luminis
1069 2213 1186 2246 auras,

233 2257 453 2291 Infoecunda
472 2258 632 2300 quidem,
656 2257 718 2290 sed
741 2257 827 2290 laeta
846 2259 882 2290 et
902 2256 1010 2289 fortia
1030 2263 1184 2299 surgunt
1201 2267 1209 2290 t

232 2310 374 2354 Quippe
394 2310 469 2343 solo
488 2313 620 2343 natura
639 2310 771 2343 subest.
834 2310 968 2342 Tamen
988 2309 1065 2342 haec
1080 2320 1224 2352 quoque
1244 2308 1274 2342 si
1296 2307 1377 2352 quis

235 2363 389 2407 luserat,
411 2366 476 2397 aut
496 2363 682 2397 scrobibus
701 2362 850 2396 mandet
869 2364 1011 2396 mutata
1029 2362 1200 2405 subactis,

1416 237 1441 258 10

1417 502 1441 524 ¹5

1420 1819 1444 1839 40

1413 2359 1440 2379 δῦ
