1559 2584
117 105 170 142 80

591 118 775 146 VIRGILII
804 117 959 146 AENEIS.

222 206 368 240 Irrisam
389 205 466 239 sine
485 205 622 239 honore
641 208 758 240 ratem
778 205 966 250 Sergestus
985 205 1126 250 agebat.

223 258 349 300 Qualis
368 270 462 302 saepe
481 258 551 292 viae
571 258 769 302 deprensus
787 259 825 292 in
845 271 973 303 aggere
992 270 1150 303 serpens,

223 313 336 346 AErea
355 323 464 356 quem
483 311 673 355 obliquum
691 315 773 346 rota
791 312 950 356 transiit,
972 315 1037 346 aut
1056 312 1176 356 gravis
1195 312 1241 347 icL

225 365 447 399 Seminecem
466 365 576 409 liquit
595 376 682 398 saxo
700 365 932 409 lacerumque
951 365 1069 399 viator
1080 378 1089 407 ;
1397 362 1440 386 '³7³'

175 445 178 448 Α
225 418 264 452 N
265 418 483 462 cquicquam
502 418 629 462 longos
648 418 792 462 fugiens
811 418 875 452 dat
895 430 1041 462 corpore
1060 421 1179 452 tortus
1197 431 1207 461 ;

224 471 336 505 Parte
355 472 470 514 ferox,
492 471 695 515 ardensque
714 471 838 515 oculis,
862 474 900 505 et
919 471 1024 506 sibila
1043 471 1134 506 colla

226 524 376 558 Arduus
395 524 567 558 attollens
584 537 593 566 ;
621 536 704 568 pars
723 525 874 558 vulnere
893 524 1020 559 clauda
1040 527 1201 558 retentat

225 578 263 611 N
266 580 436 612 exantem
456 577 573 620 nodis,
596 589 705 622 seque
724 577 763 611 in
782 589 847 612 sua
865 578 1029 612 membra
1046 577 1244 622 plicantem
1261 590 1269 614 ε

225 630 304 664 Tali
322 630 472 674 remigio
491 630 596 664 navis
615 642 652 664 se
670 631 776 664 tarda
795 631 965 665 movebat
984 644 992 673 ;
1169 666 1172 669 ,
1400 628 1444 649 ²²⁸⁰

225 684 320 718 Vela
338 683 426 717 facit
444 687 581 727 tamen,
604 686 641 717 et
659 684 775 728 plenis
796 684 894 718 subit
914 684 1006 718 ostia
1025 684 1125 720 velis.
1152 670 1182 718 )z

228 737 437 781 Sergestum
457 737 594 771 AEneas
613 738 789 781 promisso
807 749 957 772 munere
976 738 1103 780 donat,
1123 763 1128 779 x
1146 729 1175 794 s

227 791 415 825 Servatam
433 791 479 824 ob
498 802 630 824 navem
649 790 757 824 laetus
776 791 961 835 sociosque
980 781 1158 826 reductos.

229 843 303 878 Olli
322 855 426 878 serva
444 844 566 887 datur,
589 855 740 888 operum
758 844 858 878 haud
877 844 1002 888 ignara
1022 844 1214 888 Minervae,

228 897 354 932 Cressa
372 909 499 941 genus,
515 897 653 931 Pholoe
668 910 678 939 3
707 897 913 942 geminique
929 898 996 931 sub
1015 898 1127 932 ubere
1146 898 1234 932 nati.
1402 895 1444 916 ²⁸⁵

281 951 364 984 Hoc
383 950 464 994 pius
482 950 621 984 AEnvas
640 951 749 984 misso
770 951 964 984 certamine
984 951 1106 984 tendit

228 1004 466 1038 Gramineum
485 1003 523 1037 in
544 1015 724 1047 campum,
747 1016 857 1048 quem
876 1004 1029 1038 collibus
1048 1004 1212 1048 undique
1234 1003 1354 1038 curvis

230 1057 433 1101 Cingebant
453 1057 567 1100 sylvae
586 1069 595 1099 3
624 1056 819 1101 mediaque
839 1057 878 1090 in
897 1057 991 1090 valle
1010 1057 1147 1091 theatri

229 1110 353 1144 Circus
372 1112 461 1153 erat,
485 1121 557 1153 quo
577 1121 614 1143 se
634 1110 760 1143 multis
780 1121 862 1143 cum
882 1110 1043 1144 millibus
1061 1110 1167 1143 heros

229 1163 407 1198 Consessu
426 1163 589 1196 medium
608 1163 705 1206 tulit,
731 1166 990 1206 exstructoque
1009 1164 1153 1198 resedit.
1404 1161 1445 1182 ²⁹⁰

229 1217 315 1260 Hic,
338 1216 401 1261 qui
420 1216 514 1250 forte
535 1216 649 1250 velint
668 1216 795 1260 rapido
815 1217 1034 1251 contendere
1054 1228 1172 1260 cursu,

229 1270 372 1304 Invitat
390 1270 516 1314 pretiis
536 1270 688 1313 animos,
711 1272 748 1303 et
767 1269 916 1314 praemia
935 1270 1047 1313 ponit.

230 1323 405 1368 Undique
424 1323 649 1357 conveniunt
669 1323 805 1367 Teucri,
830 1323 1012 1368 mixtique
1033 1323 1153 1357 Sicani
1169 1335 1179 1366 3

229 1377 344 1411 Nisus
363 1379 400 1411 et
419 1377 611 1420 Euryalus,
636 1377 744 1421 primi
763 1390 771 1419 3

230 1431 413 1475 Euryalus
431 1430 548 1464 forma
567 1428 719 1474 insignis
738 1430 920 1475 viridique
934 1430 1091 1475 juventa
1108 1443 1116 1472 ;
1407 1427 1448 1448 ‘³³⁵

230 1484 344 1519 Nisus
363 1495 484 1518 amore
504 1483 564 1528 pio
582 1483 685 1527 pueri
705 1496 712 1518 :
742 1495 833 1528 quos
852 1484 984 1518 deinde
1003 1486 1149 1518 secutus

231 1538 370 1582 Regius
389 1537 532 1581 egregia
551 1536 688 1571 Priami
707 1536 752 1570 de
772 1537 886 1581 stirpe
904 1537 1033 1570 Diores
1054 1549 1061 1572 ε

230 1591 343 1625 Hunc
362 1590 490 1634 Salius,
514 1590 623 1624 simul
642 1592 678 1624 et
698 1590 836 1624 Patron
854 1603 864 1632 3
893 1601 1049 1634 quorum
1068 1590 1162 1623 alter
1180 1590 1371 1632 Acarnan5

230 1645 337 1679 Alter
354 1644 401 1678 ab
421 1643 590 1687 Arcadia,
614 1644 771 1687 Tegeaeae
791 1643 965 1687 sanguine
984 1644 1124 1687 gentis:

231 1698 324 1732 Tum
343 1698 416 1732 duo
436 1697 610 1731 Trinacrii
624 1697 790 1741 juvenes,
815 1697 997 1740 Helymus
1017 1696 1268 1741 Panopesque,

231 1751 381 1786 Assueti
400 1751 524 1795 sylvis,
548 1750 698 1784 comites
717 1750 868 1783 senioris
888 1750 1030 1783 Acestae
1047 1762 1054 1785 :

231 1805 347 1839 Multi
365 1807 550 1849 praeterea,
575 1815 667 1848 quos
685 1803 783 1837 fama
802 1803 954 1837 obscura
972 1802 1147 1837 recondit.

231 1859 369 1893 AEneas
389 1857 521 1902 quibus
540 1857 578 1890 in
598 1856 726 1890 mediis
745 1856 795 1890 sic
815 1856 946 1890 deinde
965 1856 1126 1890 locustus
1145 1868 1152 1890 ε

234 1914 259 1931 “
272 1911 437 1956 Accipite
458 1911 535 1945 haec
554 1910 697 1953 animis,
720 1910 895 1953 lzetasquc
915 1909 1095 1943 advertite
1115 1911 1256 1943 mentes
1274 1921 1281 1944 :

231 1965 352 2000 Nemo
372 1976 417 1998 ex
436 1964 504 1997 hoc
523 1975 676 1997 numero
695 1963 785 1996 mihi
804 1974 878 1996 non
898 1963 1056 1996 donatus
1074 1962 1199 1997 abibit.
1407 1959 1448 1980 ³³⁵

232 2018 387 2053 Gnossia
406 2017 491 2051 bina
511 2017 604 2050 daho
625 2017 746 2050 levato
766 2016 887 2050 lucida
906 2016 1002 2050 ferro

231 2072 388 2117 Spicula,
407 2071 644 2114 caelatamque
663 2072 814 2113 argento
833 2069 926 2103 ferre
947 2069 1142 2113 bipennem
1159 2082 1168 2111 ;

231 2125 411 2160 Omnibus
430 2124 488 2158 hie
507 2124 576 2157 erit
596 2134 691 2156 unus
711 2123 834 2157 honos.
896 2122 981 2156 Tres
1000 2122 1148 2166 praemia
1166 2120 1273 2166 primi

230 2179 434 2222 Accipient,
456 2175 624 2221 flavaque
644 2178 753 2220 caput
773 2178 968 2210 nectentur
987 2175 1093 2209 oliva.

231 2232 377 2265 Primus
397 2241 532 2274 equum
551 2229 708 2274 phaleris
727 2229 904 2273 insignem
924 2229 1040 2262 victor
1057 2227 1190 2261 habeto
1209 2239 1215 2261 :

230 2285 336 2319 Alter
356 2283 592 2317 Amazoniam
610 2282 830 2326 pharetram,
852 2282 1070 2327 plenamque
1090 2280 1232 2324 sagittis

232 2337 406 2372 Threiciis
421 2349 430 2378 ;
459 2337 534 2370 lato
555 2347 665 2380 quam
685 2335 820 2369 circum
838 2334 1071 2378 amplectitur
1089 2345 1178 2368 auro

232 2391 396 2434 Balteus,
418 2392 455 2424 ct
475 2389 583 2423 tereti
602 2388 786 2422 subnectit
808 2388 918 2422 fibula
936 2389 1080 2431 gemma
1098 2400 1104 2422 :

1407 1693 1449 1713 3⁶⁰

1407 2224 1446 2244 310
