1559 2584
80 134 132 173 68

511 142 695 169 VIRGILII
727 142 960 169 GEORGICA.

182 232 261 265 Aut
280 231 406 265 eadem
426 231 526 265 sidus
545 232 689 276 fugiens
708 232 772 265 ubi
792 232 906 265 Piscis
926 231 1065 276 aquosi,

182 285 335 318 Tristior
353 285 522 319 hibernas
543 286 633 319 coelo
654 285 842 318 descendit
860 285 899 318 in
918 285 1044 319 undas.

182 338 262 372 Illis
280 339 334 372 ira
352 338 503 372 modum
522 350 631 382 supra
650 341 716 381 est,
739 338 908 382 laesaeque
928 350 1111 372 venenum

182 392 367 427 Morsibus
386 392 578 436 inspirant,
601 394 638 425 et
658 391 795 435 spicula
815 403 908 425 caeca
926 391 1142 435 relinquunt

181 446 313 479 Affixae
332 445 446 488 venis,
468 445 679 489 animasque
698 444 737 478 in
755 444 906 478 vulnere
925 447 1078 488 ponunt.

237 498 300 532 Sin
320 498 450 532 duram
469 501 611 532 metues
630 498 799 540 hiemem,
822 509 1020 541 parcesque
1040 498 1178 542 futuro,

182 551 436 595 Contusosque
456 552 596 585 animos
615 553 652 585 et
671 563 728 584 res
746 551 961 584 miserabere
980 551 1113 584 fractas
1130 564 1139 593 ;

181 605 233 638 At
253 606 373 638 suffire
392 605 534 648 thymo,
558 616 728 648 cerasque
747 604 906 637 recidere
924 604 1052 637 inanes

181 657 271 698 Quis
291 658 436 692 dubitet
453 658 464 692 ’.ἲ
491 670 577 691 nam
597 669 691 702 saepe
711 657 813 691 favos
832 658 979 701 ignotus
998 657 1123 691 adedit

183 711 312 745 Stellio
330 724 338 753 3
367 714 404 745 et
422 711 594 755 lucifugis
614 713 785 755 congesta
804 711 938 744 cubilia
956 711 1083 744 blattis
1101 723 1109 752 ;

183 764 438 809 Immunisque
458 764 586 798 sedens
605 764 722 798 aliena
741 764 787 797 ad
806 764 941 808 pabula
958 764 1076 806 fucus,

180 817 260 851 Aut
279 829 382 862 asper
400 818 524 851 crabro
542 817 742 861 imparibus
761 829 798 850 se
816 817 1013 850 immiscuit
1033 817 1141 850 armis
1159 830 1167 859 3

180 871 261 904 Aut
280 871 402 904 dirum
420 871 529 904 tineae
548 883 675 915 genus,
698 873 762 904 aut
781 870 899 904 invisa
919 870 1098 904 Minervae

180 923 299 958 Laxos
317 924 356 957 111
374 924 513 957 foribus
532 924 722 968 suspendit
740 935 870 958 aranea
889 935 1012 957 casses.

182 976 263 1018 Quo
282 978 396 1021 magis
416 977 603 1011 exhaustae
622 977 772 1020 fuerint,
796 977 863 1010 hoc
882 977 1000 1010 acrius
1020 988 1145 1010 omnes

180 1029 402 1064 Incumbent
420 1030 562 1074 generis
580 1031 672 1074 lapsi
690 1030 819 1064 sarcire
838 1030 973 1073 ruinas,

181 1083 498 1128 Complebuntque
517 1084 624 1127 foros,
648 1087 686 1117 et
704 1083 852 1117 floribus
870 1083 999 1116 horrea
1018 1085 1155 1116 texent.

235 1136 273 1170 Si
293 1148 389 1180 vero,
412 1137 585 1180 quoniam
605 1149 706 1170 casus
725 1136 853 1180 apibus
872 1148 1017 1180 quoque
1037 1139 1181 1170 nostros

179 1189 270 1224 Vita
288 1190 387 1233 tulit,
409 1190 507 1223 tristi
525 1190 752 1233 languebunt
772 1201 920 1233 corpora
938 1189 1064 1222 morbo
1083 1202 1090 1230 3

180 1242 288 1284 Quod
303 1243 381 1287 jam
400 1255 475 1277 non
494 1243 615 1276 dubiis
634 1243 769 1287 poteris
789 1254 1001 1286 cognoscere
1021 1242 1131 1286 signis
1149 1254 1156 1277 :

180 1296 363 1330 Continuo
382 1299 437 1330 est
456 1297 561 1340 aegris
580 1296 672 1330 alius
692 1296 790 1330 color
806 1309 814 1337 ;
842 1295 989 1329 horrida
1007 1296 1155 1330 vultum

178 1350 369 1384 Deformat
389 1350 520 1383 macies
536 1363 544 1391 3
573 1352 654 1383 tum
674 1361 822 1393 corpora
839 1349 919 1382 luce
940 1350 1128 1383 carentum

179 1402 386 1447 Expertant
406 1403 524 1446 tectis,
547 1406 584 1436 et
603 1403 723 1436 tristia
741 1403 870 1436 funera
889 1402 1030 1435 ducunt
1048 1415 1055 1444 3

178 1457 258 1490 Aut
277 1456 349 1490 111εο
369 1456 522 1500 pedibus
542 1468 714 1490 connexae
733 1456 780 1489 ad
799 1456 926 1489 limina
945 1456 1118 1499 pendent,

178 1510 258 1544 Aut
276 1510 378 1543 intus
397 1510 527 1543 clausis
546 1512 766 1543 cunctantur
784 1509 822 1542 in
842 1509 983 1542 aedibus
1002 1520 1127 1542 omnes
1144 1521 1153 1550 ;

181 1562 403 1607 Ignavaeque
421 1563 529 1606 fame,
551 1566 588 1596 et
607 1565 792 1597 contracto
812 1562 943 1606 frigore
962 1562 1084 1606 pigrae.

181 1616 274 1650 Tum
295 1628 404 1649 sonus
424 1616 573 1649 auditur
591 1616 745 1660 gravior,
767 1616 986 1659 tractimque
1007 1618 1197 1649 susurrant
1214 1627 1222 1650 ε

178 1669 348 1713 Frigidus
367 1672 409 1703 ut
429 1669 614 1713 quondam
633 1669 746 1713 sylvis
764 1669 1020 1702 immurmurat
1040 1669 1176 1702 Auster
1191 1683 1201 1710 ;

180 1722 234 1756 Ut
252 1734 350 1756 mare
370 1723 567 1756 sollicitum
586 1723 716 1756 stridet
736 1722 975 1756 refluentibus
994 1722 1103 1756 undis
1119 1735 1128 1764 ;

179 1776 333 1810 AEstuat
352 1779 394 1809 ut
414 1776 544 1809 clausis
562 1776 710 1820 rapidus
729 1776 937 1809 fornacibus
955 1775 1057 1819 ignis.

179 1828 253 1863 Hic
267 1829 345 1873 jam
364 1829 557 1873 galbaneos
577 1829 735 1863 suadebo
753 1829 946 1862 incendere
965 1829 1105 1872 odores,

179 1882 366 1926 Mellaque
385 1882 595 1916 arundineis
613 1883 746 1916 inferre
765 1882 961 1926 canalibus,
982 1882 1081 1915 ultro

179 1935 416 1979 Hortantem,
438 1939 475 1969 et
494 1936 606 1969 fessas
625 1936 671 1969 ad
691 1935 824 1980 pabula
842 1938 932 1969 nota
950 1937 1152 1969 vocantem.

180 1988 350 2023 Proderit
370 1992 406 2022 et
425 1992 578 2022 tunsum
596 1989 700 2033 gallae
720 1989 916 2022 admiscere
936 2000 1113 2032 saporem,

180 2042 410 2086 Arentesque
429 2054 539 2085 rosas,
561 2045 626 2076 aut
645 2042 720 2086 igni
739 2042 887 2086 pinguia
905 2042 1024 2076 multo

180 2095 349 2139 Defrutzu
372 2096 430 2129 vel
450 2095 585 2139 psithia
604 2107 727 2139 passos
746 2095 790 2129 de
810 2095 885 2128 vite
905 2106 1077 2139 racemos,

180 2148 465 2192 Cecropiumque
485 2149 666 2192 thymum,
690 2151 726 2182 et
745 2160 853 2192 grave
872 2148 1007 2182 olentia
1026 2150 1226 2183 centaurea.

180 2201 248 2235 Est
268 2202 378 2235 etiam
397 2202 462 2235 flos
481 2202 518 2235 in
538 2202 663 2246 pratis,
687 2202 744 2235 cui
764 2213 897 2235 nomen
917 2202 1040 2235 amello

181 2254 314 2288 Fecere
333 2255 510 2298 agricolae,
533 2255 648 2289 facilis
668 2255 918 2298 quaerentibus
936 2255 1049 2288 herba
1066 2267 1073 2289 t

181 2307 353 2351 Namque
372 2319 446 2341 uno
465 2308 650 2351 ingentem
669 2308 768 2341 tollit
788 2308 832 2341 de
853 2308 985 2352 cespite
1005 2306 1147 2350 silvam,

180 2361 326 2394 Aureus
345 2361 420 2404 ipse
438 2374 446 2402 ;
475 2361 537 2394 sed
557 2361 594 2393 in
614 2361 722 2403 foliis,
746 2373 828 2405 quae
847 2361 1003 2404 plurima
1022 2361 1157 2394 circum

182 2413 417 2458 Funduntur,
442 2414 548 2448 violae
568 2414 735 2448 sublucet
754 2425 915 2458 purpura
934 2414 1055 2457 nigrae.

1351 280 1393 301 235

1349 549 1393 570 240

1352 815 1393 835 235

1353 1081 1394 1101 250

1353 1334 1396 1355 ‘255

1354 1613 1394 1634 26⁰

1351 1879 1394 1900 265

1356 2145 1395 2166 ϊὶ]

1354 2409 1396 2433 275
