1559 2584
127 125 180 162 96

560 132 746 159 VIRGILII
777 130 1011 158 GEORGICA.

233 220 344 255 Elicit
364 233 372 255 ι
400 220 464 254 illa
483 220 615 254 cadens
633 230 785 253 raucum
803 230 868 262 per
885 217 981 252 levia
998 228 1164 251 murmur

234 274 330 309 Saxa
348 273 431 317 ciet,
454 273 698 316 scatebrisque
717 271 859 305 arentia
876 273 1056 315 temperat
1075 282 1170 304 arva.

235 326 346 370 Quid,
368 326 444 371 qui,
466 338 512 360 ne
531 325 690 370 gravidis
708 324 923 369 procumbat
942 324 1082 357 culmus
1101 323 1232 367 aristis,

234 380 435 414 Luxuriem
454 382 617 423 segetum
636 380 763 412 tenera
782 377 943 421 depascit
961 377 1000 410 in
1020 376 1143 419 herba,

238 433 363 474 Quum
384 430 546 477 primum
565 432 684 466 sulcos
702 433 852 474 aequant
872 432 950 464 sata
967 430 979 464 2
1005 430 1142 473 quique
1156 430 1212 473 pal
1221 430 1300 463 udi„¹

237 486 441 520 Collectum
459 485 650 519 humorem
667 484 794 518 bibula
812 483 960 517 deducit
979 485 1089 516 arena
1104 483 1114 516 2

236 538 446 573 Praesertim
464 538 613 571 incertis
632 537 662 571 si
680 537 867 570 mensibus
885 535 1002 570 amnis
1023 535 1215 569 abundans

236 591 338 635 Exit,
360 594 397 625 et
416 591 576 625 obducto
594 591 668 624 late
687 592 791 624 tenet
809 589 931 623 omnia
949 589 1049 631 limo,

238 645 347 679 Unde
366 656 464 678 cavae
482 644 608 688 tepido
627 644 762 677 sudant
780 643 932 676 humore
951 642 1100 676 lacunae.

237 697 318 732 Nec
336 700 473 740 tamen,
490 698 568 731 haec
588 709 703 741 quum
722 697 795 730 sint
814 695 1077 738 hominumque
1097 694 1281 739 boumque
1298 695 1440 730 labores

242 750 435 785 Versando
453 753 590 784 terram
608 750 762 794 experti,
783 749 875 782 nihil
894 748 1080 792 improbus
1099 760 1204 781 anser

238 803 531 847 Strymoniaeque
550 815 656 847 grues
675 806 712 837 et
731 802 862 836 amaris
880 802 1011 835 intuba
1029 801 1131 834 fibris

239 856 424 900 Officiunt,
445 859 510 890 aut
528 857 658 890 umbra
674 858 791 890 nocet.
850 855 962 889 Pater
980 855 1055 898 ipse
1075 853 1217 888 colendi

239 910 353 944 Haud
372 910 516 943 facilem
535 921 610 943 esse
630 909 728 943 viam
747 908 865 942 voluit
885 921 893 950 ;
922 908 1132 952 primusque
1151 919 1215 951 per
1233 910 1349 941 artem

240 963 362 997 Movit
381 974 496 1007 agros,
520 963 615 997 curis
633 973 766 996 acuens
784 961 953 995 mortalia
971 961 1080 994 corda
1097 973 1105 1002 3

239 1015 278 1050 N
280 1027 320 1049 ec
337 1018 481 1060 torpere
500 1015 601 1060 gravi
628 1027 755 1059 passus
775 1026 840 1048 sua
858 1026 967 1058 regna
986 1016 1146 1047 veterno.

1409 267 1447 289 uo

1416 527 1452 547 115

1415 798 1454 818 12⁰

239 1069 339 1103 Ante
357 1068 384 1102 J
387 1080 492 1102 ovem
510 1069 603 1102 nulli
622 1068 838 1112 subigebant
856 1079 943 1101 arva
962 1067 1079 1100 coloni
1097 1080 1104 1108 3
1418 1062 1456 1084 ¹2⁴⁵

238 1122 299 1156 Ne
317 1122 459 1166 signare
478 1122 639 1166 quidem,
660 1124 725 1155 aut
744 1120 871 1165 partiri
889 1120 1005 1154 limite
1025 1131 1192 1163 campum

239 1175 311 1209 Fas
330 1178 407 1209 erat
425 1188 432 1216 3
460 1175 499 1208 in
518 1175 681 1208 medium
701 1174 914 1217 quaerebant
934 1186 942 1214 ;
969 1173 1119 1216 ipsaque
1139 1172 1251 1207 tellus

240 1226 374 1262 Omnia
392 1228 554 1271 liberius,
575 1227 677 1261 nullo
696 1229 879 1271 poscente,
902 1226 1049 1259 ferebat.

239 1281 308 1314 Ille
327 1281 465 1314 malum
479 1281 580 1314 virus
598 1280 827 1324 serpentibus
846 1279 989 1313 addidit
1008 1279 1105 1322 atius,

1418 1328 1457 1349 130

239 1334 474 1378 Praedarique
493 1334 599 1378 lupos
613 1333 724 1378 jussit
745 1335 972 1377 pontumque
992 1331 1129 1366 moveri
1145 1344 1155 1374 ;

240 1386 427 1431 Mellaque
446 1387 605 1421 decussit
623 1387 732 1429 foliis,
754 1387 947 1430 ignemque
965 1385 1135 1429 removit,

241 1440 291 1474 Et
309 1441 443 1485 passim
461 1440 548 1474 rivis
567 1439 750 1474 currentia
768 1440 855 1473 vina
873 1439 1042 1482 repressit
1062 1450 1070 1473 ε

241 1493 294 1528 Ut
313 1493 430 1528 varias
448 1505 536 1527 usus
553 1493 766 1527 meditando
786 1492 1005 1526 extunderet
1024 1494 1120 1525 artes

240 1546 452 1590 Paullatim,
476 1549 513 1580 et
534 1546 642 1580 sulcis
662 1546 838 1579 frumenti
858 1548 1036 1589 quaereret
1053 1545 1203 1578 herbam
1220 1556 1230 1587 3

240 1599 294 1634 'Ut
313 1600 422 1634 silicis
442 1599 544 1634 venis
558 1600 768 1633 abstrusum
787 1599 982 1632 excuderet
1002 1598 1133 1642 ignom.

241 1653 343 1687 Tunc
362 1653 464 1687 alnos
482 1653 641 1697 primum
659 1652 762 1686 fluvii
781 1653 922 1686 sensere
941 1654 1085 1685 cavatas
1102 1664 1111 1693 3

1421 1593 1457 1614 1:35

232 1705 382 1740 -Navita
400 1709 483 1740 tum
502 1706 617 1740 stellis
635 1717 805 1739 numeros
825 1708 861 1738 et
881 1705 1029 1738 nomina
1049 1702 1150 1747 fecit,

241 1759 422 1803 Pleiadas,
440 1759 604 1803 Hyadas,
626 1759 830 1802 claramque
850 1758 1027 1802 Lycaonis
1046 1758 1196 1792 Arcton.

241 1812 335 1846 Tum
354 1813 493 1857 laqueis
513 1815 657 1856 captare
676 1813 782 1855 feras,
805 1814 842 1845 et
861 1812 985 1845 fallere
1003 1811 1101 1844 visco

243 1865 458 1909 Inventum,
481 1869 517 1900 et
537 1877 686 1909 magnos
706 1865 855 1899 canibus
874 1864 1095 1898 circumdare
1115 1863 1237 1897 saltus,

241 1919 366 1963 Atque
385 1919 477 1952 alius
495 1919 612 1952 latum
630 1919 748 1952 funda
762 1918 840 1962 jam
862 1918 1025 1951 verberat
1045 1928 1201 1959 amnem,

240 1972 329 2006 Alta
348 1974 477 2016 petens
496 1986 503 2014 ;
532 1973 732 2016 pelagoque
751 1972 843 2005 alius
862 1971 976 2004 trahit
995 1970 1146 2004 humida
1166 1970 1250 2004 lina..

242 2024 336 2058 Tum
354 2025 441 2058 ferri
459 2025 566 2069 rigor,
588 2028 699 2069 atque
718 2027 856 2068 argutae
876 2024 1010 2058 lamina
1030 2035 1149 2066 seri-ze,

243 2077 343 2112 Nam
362 2078 470 2122 primi
489 2079 611 2113 cimeis
631 2078 845 2111 scindebant
864 2077 973 2111 fissile
992 2077 1131 2121 lignum
1153 2089 1161 2118 ;

241 2130 336 2165 Tum
354 2132 464 2166 variae
482 2132 613 2165 venere
631 2134 727 2165 artes
744 2144 751 2165 :
779 2131 882 2165 labor
900 2130 1022 2164 omnia
1041 2129 1156 2163 vincit

243 2183 452 2228 Improbus,
475 2188 512 2218 et
532 2185 633 2218 duris
652 2196 785 2228 urgens
803 2184 842 2217 111
860 2184 968 2217 rebus
987 2186 1134 2227 egestas,

298 2237 424 2272 Prima
443 2238 550 2272 Ceres
568 2239 663 2271 ferro
683 2237 853 2271 mortales
873 2240 1012 2270 vertere
1031 2239 1165 2269 terrain

242 2289 412 2324 Instituit
433 2304 441 2332 ;
469 2302 585 2335 quum
599 2291 677 2334 jam
696 2291 846 2334 glandes
865 2292 975 2334 atquc
995 2290 1124 2323 arbuta
1144 2299 1253 2322 sacrae

243 2343 449 2377 Deficerent
468 2344 592 2387 sylvae,
615 2347 652 2377 et
672 2344 810 2377 victum
829 2343 984 2376 Dodona
1002 2344 1158 2386 negaret.

245 2396 337 2431 Mox
356 2399 393 2431 et
407 2397 601 2431 frumentis
620 2396 724 2431 labor
742 2396 890 2430 additus
909 2409 918 2438 ;
947 2398 988 2429 ut
1007 2396 1103 2429 mala
1122 2395 1258 2429 culmos

1415 1854 1451 1874 140

1420 2121 1456 2141 1⁴3

1421 2390 1459 2412 150
