1559 2584
112 85 165 124 36

574 93 759 121 VIRGILII
787 92 942 120 AENEIS.

211 179 393 225 ‘Lambere
412 181 558 214 flamma
577 191 708 222 comas,
732 181 768 213 et
788 179 923 213 circum
940 181 1104 223 tempora
1122 179 1228 224 pasci.

219 234 300 268 Nos
318 234 442 277 pavidi
460 232 642 276 trepidare
660 235 774 275 metu,
798 233 1005 277 crinemque
1024 233 1238 276 flagrantem
1385 229 1428 251 ⁶⁸⁵

219 286 416 329 Excutere,
440 288 477 319 et
497 288 640 319 sanctos
658 285 882 328 restinguere
900 285 1064 319 fontibus
1082 286 1192 329 ignes.

219 340 272 373 At
291 341 394 383 pater
413 339 590 372 Anchises
610 338 732 372 oculos
751 338 796 371 ad
817 338 935 371 sidera
952 338 1060 372 laetus

218 392 377 434 Extulit,
400 394 437 425 et
457 392 548 425 coelo
567 391 705 435 palmas
724 403 805 424 cum
825 402 912 424 voce
931 391 1090 424 tetendit
1108 404 1115 425 :

223 445 409 489 “Jupiter
427 444 669 488 omnipotens,
692 444 858 487 precibus
878 444 908 477 si
925 444 1079 477 flecteris
1097 443 1194 487 ullis,

1387 492 1430 514 σου

219 498 352 542 Aspice
371 508 437 531 nos
455 510 463 539 ;
490 497 559 530 hoc
575 500 723 530 tantum
741 510 748 531 :
777 499 826 540 et,
847 497 878 530 si
895 496 1031 540 pietate
1050 507 1242 539 meremur,

220 551 279 585 Da
298 551 430 584 deinde
449 550 628 584 auxilium
647 552 763 593 pater,
786 552 897 593 atque
916 549 995 583 haec
1013 550 1135 584 omina
1152 546 1296 583 firma.’'

219 604 297 637 Vix
317 615 359 637 ea
376 604 475 637 fatus
495 605 571 636 erat
592 603 721 646 senior,
744 603 939 646 subitoque
958 595 1097 646 fragore

221 657 393 690 Intonuit
411 656 559 699 laevum,
582 658 619 689 et
638 655 683 689 (le
704 656 793 689 coelo
813 655 913 699 lapsa
931 666 996 699 per
1012 655 1160 689 umbras

222 710 337 744 Stella
354 710 469 743 facem
489 709 624 742 ducens
643 709 762 742 multa
782 720 864 742 cum
882 708 962 741 luce
981 709 1172 743 concurrit.

220 763 342 806 Illam,
364 774 506 796 summa
525 774 632 806 super
650 762 832 795 labentem
851 761 1010 795 culmina
1027 761 1118 795 tecti
1388 758 1431 781 ⁰⁹⁵

223 816 413 850 Cernimus
432 815 534 849 Idaea
553 815 686 849 claram
706 826 742 848 se
762 814 915 849 condere
936 814 1041 858 sylva

222 869 507 913 signantemque
526 869 603 901 vias
624 881 631 909 3
659 871 740 902 tum
759 868 869 911 longo
887 867 1004 900 limite
1024 867 1145 901 sulcus

221 922 297 956 Dat
316 922 446 964 lucem,
468 924 505 955 et
524 921 597 955 late
617 921 752 954 circum
770 921 848 954 loca
867 921 1004 953 sulfure
1023 920 1188 954 fumant..

222 975 296 1009 Hic
314 986 399 1008 vero
421 975 536 1008 victus
554 974 696 1018 genitor
715 985 752 1007 se
770 973 869 1007 tollit
888 973 934 1006 ad
953 984 1070 1016 auras,

222 1028 441 1072 Affaturque
460 1027 570 1069 Deos,
593 1029 629 1060 et
648 1028 815 1060 sanctum
834 1026 934 1059 sidus
953 1026 1080 1059 adorat
1098 1038 1104 1059 :
1391 1022 1433 1046 ⁷⁰⁰

227 1081 347 1114 “Jam
357 1081 435 1124 jam
449 1080 551 1114 nulla
566 1091 666 1113 mora
680 1082 754 1113 est:
776 1090 918 1122 sequor,
934 1080 982 1121 et,
999 1089 1072 1122 qua
1086 1077 1231 1122 ducitis,
1249 1077 1388 1112 adsum.

223 1134 272 1168 Di
290 1133 411 1178 patrii,
434 1135 573 1167 servate
593 1133 755 1175 domum,
778 1134 918 1165 servate
936 1133 1117 1175 nepotem.

223 1186 399 1221 Vestrum
418 1186 487 1220 hoc
506 1185 712 1229 augurium,
734 1187 926 1228 vestroque
945 1184 984 1217 in
1003 1184 1153 1217 numine
1172 1183 1281 1228 Troja
1299 1186 1363 1218 est.

222 1240 320 1274 Cedo
340 1239 521 1283 equidem,
543 1251 621 1282 nec,
644 1241 743 1281 nate,
765 1238 835 1271 tibi
854 1249 973 1271 comes
991 1237 1042 1270 ire
1061 1236 1225 1271 recuso.''

276 1293 431 1328 Dixerat
449 1293 510 1326 ille
529 1305 534 1326 :
564 1294 601 1325 et
616 1292 693 1335 jam
712 1303 776 1335 per
794 1291 930 1324 moenia
948 1290 1075 1324 clarior
1092 1290 1186 1334 ignis

222 1346 397 1389 Auditur,
419 1345 638 1389 propiusque
658 1347 768 1378 aestus
786 1343 954 1377 incendia
974 1343 1135 1377 volvunt.

226 1401 253 1419 ‘⁶
267 1400 362 1443 Ergo
382 1410 458 1442 age,
481 1410 560 1432 care
580 1400 694 1442 pater,
718 1397 847 1430 cervici
865 1397 1050 1440 imponere
1069 1398 1203 1430 no⁵⁴trae
1221 1407 1230 1431 τ

223 1452 308 1496 Ipse
328 1452 456 1485 subibo
475 1451 647 1494 humeris,
671 1462 737 1483 nec
755 1462 812 1483 nie
832 1450 933 1483 labor
952 1450 1020 1482 iste
1040 1450 1215 1493 gravabit.

224 1505 305 1546 Quo
323 1516 381 1538 res
400 1516 544 1547 cunque
563 1503 707 1545 cadent,
729 1515 846 1536 unum
865 1505 902 1536 et
922 1513 1113 1536 commune
1132 1502 1320 1545 periclum,

223 1557 308 1591 Una
327 1557 423 1591 salus
442 1556 619 1590 ambobus
638 1556 707 1589 erit
725 1569 731 1590 :
760 1555 850 1588 mihi
868 1567 1002 1599 parvus
1022 1555 1126 1588 Iiilus

225 1610 281 1644 Sit
301 1622 430 1652 comes,
453 1612 490 1643 et
509 1610 615 1653 longe
639 1611 757 1642 servet
777 1608 929 1651 vestigia
949 1607 1094 1651 conjux.

223 1663 313 1706 Vos,
335 1663 475 1705 famuli,
498 1674 580 1706 quae
600 1662 717 1695 dicam
736 1661 866 1694 animis
885 1660 1066 1694 advertite
1085 1660 1223 1694 vestris.

223 1717 291 1751 Est
309 1716 399 1751 urbe
418 1715 568 1759 egressis
586 1715 752 1748 tumulus
769 1714 1021 1757 templumque
1036 1716 1224 1746 vetustum

224 1769 388 1803 Desertae
409 1768 558 1811 Cereris,
576 1768 760 1812 juxtaque
780 1767 933 1810 antiqua
952 1777 1142 1809 cupressus

223 1822 413 1865 Religione
432 1824 578 1865 patrum
597 1821 733 1854 multos
753 1823 895 1853 servata
913 1831 977 1863 per
996 1829 1110 1852 annos
1128 1830 1135 1852 :

224 1875 333 1909 Hanc
352 1887 397 1908 ex
417 1875 559 1908 diverso
580 1874 702 1907 sede-m
721 1873 908 1906 veniemus
926 1872 965 1908 in
985 1883 1106 1907 unam.

225 1929 292 1972 Tu,
315 1928 469 1972 genitor,
492 1939 578 1971 cape
598 1938 698 1960 sacra
716 1937 828 1960 manu
848 1925 1057 1969 patriosque
1079 1924 1246 1958 Penates.

223 1981 300 2024 Me,
323 1981 418 2015 bello
438 1993 456 2014 e
475 1983 581 2014 tanto
601 1980 802 2023 digressum
822 1981 859 2011 et
879 1978 975 2011 caede
994 1977 1144 2020 recenti,

223 2035 432 2069 Attrectare
451 2034 565 2076 nefas,
588 2033 702 2067 donec
723 2043 779 2066 me
799 2031 948 2065 flumine
967 2030 1051 2066 vivo

223 2088 395 2122 Abluero.
403 2088 411 2104 ²
417 2087 425 2103 '
1398 2076 1441 2102 ⁷²⁰

224 2140 317 2174 Haec:
336 2141 446 2183 fatus,
468 2140 562 2174 latos
580 2140 750 2173 humeros
770 2138 1007 2182 subjectaque
1026 2137 1119 2170 colla

223 2193 338 2227 Veste
358 2205 465 2237 super
484 2193 650 2237 fulvique
669 2193 853 2226 insternor
871 2191 965 2235 pelle
984 2189 1110 2231 leonis,

224 2245 457 2290 Succedoque
477 2246 577 2280 oneri
596 2258 602 2280 ε
632 2246 774 2279 dextrae
794 2256 831 2278 se
851 2253 986 2287 parvus
1006 2242 1112 2276 Iiilus

223 2298 423 2342 Implicuit,
446 2299 683 2343 sequiturque
703 2300 843 2341 patrem
864 2307 937 2329 non
956 2295 1119 2339 passibus
1139 2292 1253 2336 aequis
1270 2304 1278 2327 ε

224 2351 325 2386 Pone
345 2351 443 2386 subit
463 2351 607 2395 conjiix.
670 2350 837 2385 Ferimur
857 2360 921 2393 per
939 2359 1050 2391 opaca
1068 2347 1231 2381 locorum
1248 2357 1257 2382 ἱ

1393 1286 1434 1310 705

1394 1550 1436 1574 ΠΟ

1396 1813 1438 1840 715

1397 2339 1440 2362 725
