1528 2569
661 94 794 125 mmm
825 95 879 125 vr.
1323 94 1330 97 ·
1350 88 1424 126 111

221 182 338 223 Quam
357 182 486 227 metui,
509 194 554 217 ne
575 184 663 228 quid
683 184 810 229 Libyae
828 185 896 218 tibi
914 195 1025 229 regna
1043 187 1214 218 nocerent
1235 182 1269 218 1”

220 236 288 270 llle
308 238 452 270 autem:
486 237 510 254 ‘⁴
529 237 606 270 Tua
624 247 694 281 me,
716 238 870 281 genitor,
894 241 958 271 tua
976 237 1091 271 tristis
1110 238 1240 281 imago,
1388 238 1428 256 ¹¹³³

219 288 358 332 Saepius
377 299 581 332 occurrens,
603 289 681 323 haec
701 290 829 324 limina
847 290 996 324 tendere
1015 289 1146 334 adegit.

219 342 327 375 Stant
346 341 418 375 sale
439 341 625 385 Tyrrheno
646 343 782 377 classes.
842 343 900 376 Da
913 342 1067 387 jungere
1087 343 1264 385 dextram,

217 394 286 437 Da,
308 394 450 438 genitor
469 407 477 435 ;
504 397 614 438 teque
634 395 804 439 amplexu
823 407 869 429 ne
889 395 1061 429 subtrahe
1080 393 1246 430 nostro.''

218 446 276 480 Sic
294 458 509 489 memorans,
532 448 630 491 largo
650 447 739 481 fletu
759 449 867 482 ssmul
886 459 948 481 ora
967 447 1106 492 rigabat
1126 460 1134 483 :

217 499 286 533 Ter
304 502 456 533 conatus
474 499 524 533 ibi
544 501 635 534 00110
654 500 739 534 dare
758 500 903 534 brahia
922 500 1056 534 circum
1075 513 1083 542 ;
1388 497 1427 521 ⁷⁰⁰

216 552 285 586 Ter
302 552 437 586 frustra
455 564 664 596 comprensa
682 565 811 586 manus
822 553 956 597 'effugit
974 552 1105 597 imago,

216 604 290 639 Par
305 605 447 639 levibus
465 606 593 647 ventis,
618 605 827 649 volucrique
846 605 1029 639 simillima
1047 617 1182 640 somno.

268 657 416 691 Interea
425 658 526 691 videt
545 658 682 692 *Eneas
700 658 739 692 in
758 659 851 692 valle
869 659 1021 692 reducta

218 710 406 744 Scelusum
424 721 564 753 nemus,
587 713 623 744 et
642 711 800 754 virgulta
818 711 986 744 sonantia
1005 711 1129 754 sylvis,

215 763 491 806 Lethaeumque,
513 762 640 797 domos
658 763 817 808 placidas
837 763 902 807 qui
920 766 1111 807 praenatat,
1134 774 1286 797 amnem.
1387 762 1427 785 ⁷⁰⁵⁷

215 816 328 849 Hunc
346 815 480 849 circum
498 815 699 849 innumerae
718 819 843 859 gentes
863 816 1062 860 populique
1082 815 1255 850 volabant
1274 829 1283 857 ;

217 869 271 902 Ac
290 868 404 902 veluti
423 868 462 902 in
480 868 605 912 pratis,
627 869 692 902 ubi
711 880 795 912 apes
815 872 942 902 aestate
961 870 1087 902 serena

218 921 386 954 Floribus
405 921 571 954 insidunt
591 921 711 964 variis,
735 924 772 955 et
792 921 946 955 candida
967 921 1100 955 circum

217 974 311 1007 Lilia
328 974 556 1015 funduntur;
585 974 713 1018 strepit
732 974 849 1007 onmis
867 985 1052 1007 murmrue
1072 985 1228 1018 campus,

217 1026 404 1060 Horrescit
428 1027 505 1060 visu
525 1027 658 1070 subito,
682 1038 879 1071 causasque
899 1027 1051 1070 requirit

218 1080 360 1113 Inscius
380 1079 517 1113 AEneas
538 1093 545 1121 ;
575 1092 657 1123 quae
676 1080 749 1113 sint
769 1092 810 1113 ea
829 1080 980 1113 flumina
998 1090 1116 1123 porro,

218 1132 335 1173 Quive
355 1132 424 1166 viri
442 1135 547 1166 tanto
567 1133 782 1176 complerint
801 1133 943 1176 agmine
962 1133 1066 1176 ripas⁴

218 1186 311 1219 Tum
330 1188 434 1229 pater
453 1185 629 1219 Anchises
647 1198 653 1219 ε
686 1187 710 1203 “
724 1185 879 1228 Animze,
903 1185 1034 1229 quibus
1053 1185 1167 1219 altera
1187 1186 1263 1219 fato

219 1238 376 1282 Corpora
394 1238 586 1281 debentur,
610 1238 750 1271 Lethaei
769 1239 815 1271 ad
834 1238 994 1271 fluminis
1014 1238 1151 1272 undam

219 1291 370 1325 Securos
389 1291 513 1324 latices
533 1294 570 1324 et
589 1291 696 1334 longa
715 1291 849 1324 oblivia
868 1294 1006 1334 potant.
1389 1287 1410 1310 ⁷¹

218 1343 297 1378 Has
316 1344 485 1387 equidem
503 1355 700 1377 memorare
718 1343 787 1377 tibi
805 1346 915 1387 atque
934 1344 1124 1377 ostendere
1144 1354 1275 1386 coram,

220 1397 450 1441 Jampridem
467 1397 561 1430 hanc
580 1397 718 1440 prolem
738 1397 842 1440 cupio
863 1408 1072 1430 enumerare
1092 1408 1256 1430 meorum
1277 1409 1285 1438 3

221 1449 301 1490 Quo
321 1450 433 1493 magis
454 1447 559 1483 [talia
578 1460 720 1483 mecum
738 1449 861 1482 laetere
879 1449 1057 1493 repe1·tsz.''

223 1504 248 1521 “
262 1503 292 1536 O
311 1506 425 1546 pater,
447 1514 540 1536 anne
559 1502 698 1546 aliquas
717 1501 763 1535 ad
782 1502 914 1535 coelum
933 1502 1018 1535 hinc
1036 1503 1087 1535 ire
1106 1501 1311 1546 putandum
1331 1503 1386 1534 est

222 1555 401 1589 Sublimes
420 1555 571 1598 animas,
593 1555 799 1598 iterumque
819 1555 865 1588 ad
884 1555 989 1588 tarda
1007 1555 1141 1588 reverti
1390 1552 1429 1575 7²⁰

219 1609 378 1652 Corpora
395 1608 406 1642 2
435 1619 516 1652 quae
535 1608 625 1641 lucis
644 1608 783 1641 miseris
803 1610 880 1641 tam
900 1608 978 1641 dira
997 1608 1127 1651 cupido
1143 1606 1182 1641 ‘2⁷’

222 1663 247 1680 ‘⁴
262 1661 389 1695 Dicam
408 1661 589 1705 equidem,
612 1672 678 1694 nec
696 1663 734 1694 te
753 1671 980 1704 suspensum,
1003 1664 1100 1704 nate,
1121 1660 1254 1694 tenebo
1273 1659 1312 1695 :'’

222 1714 380 1758 Suscipit
399 1713 586 1756 Anchises,
609 1716 720 1758 atque
740 1713 865 1746 ordine
885 1714 1027 1756 singula
1045 1713 1184 1757 pandit.

279 1769 303 1785 ‘⁶
318 1766 502 1810 Principio
522 1767 665 1809 coelum,
690 1777 730 1799 ac
749 1768 876 1808 terras,
900 1777 1116 1810 camposque
1136 1766 1328 1810 liquentes,

228 1819 500 1862 Lucentemque
519 1819 669 1862 globum
688 1819 815 1857 Lunae,
839 1818 1054 1862 Titaniaque
1073 1822 1168 1852 astra
1392 1816 1431 1838 7²⁵

223 1872 379 1916 Spiritus
398 1872 500 1905 intus
521 1871 598 1913 alit,
621 1873 812 1914 totamque
831 1871 952 1904 infusa
971 1883 1034 1915 per
1052 1874 1154 1904 artus

224 1926 331 1960 Mens
352 1924 466 1968 agitat
486 1924 630 1967 molem,
649 1926 686 1957 et
705 1934 837 1967 magno
857 1935 894 1957 se
914 1935 1059 1967 corpore
1078 1924 1214 1958 miscet.

224 1979 316 2012 Inde
336 1977 527 2011 hominum
545 1976 800 2020 pecudumque
819 1988 945 2020 genus,
969 1976 1128 2020 vitaeque
1147 1977 1348 2019 volantum,

223 2031 272 2065 Et
293 2042 376 2075 quae
395 2041 596 2063 marmoreo
615 2029 687 2062 fert
706 2031 869 2062 monstra
889 2030 956 2062 sub
976 2041 1120 2073 aequore
1140 2032 1283 2074 pontus

225 2084 361 2128 Igneus
381 2086 435 2117 est
456 2083 536 2116 ollis
555 2082 658 2125 vigor
677 2084 713 2115 et
733 2082 890 2115 coelestis
909 2082 1009 2125 origo

226 2136 444 2179 Seminibus,
467 2138 649 2179 quantum
668 2146 741 2168 non
762 2135 871 2168 noxia
891 2146 1039 2179 corpora
1057 2135 1218 2178 tardant,

225 2189 445 2233 Terrenique
463 2189 640 2222 hebetant
659 2190 772 2230 artus,
793 2188 1082 2232 moribundaque
1100 2188 1270 2222 membra.

224 2242 324 2276 Hinc
335 2244 518 2284 metuunt,
536 2241 761 2284 cupiuntque
773 2253 780 2281 ;
793 2240 930 2284 dolent,
940 2241 1174 2286 gaudentque
1180 2254 1189 2284 3
1200 2252 1320 2285 neque
1333 2252 1436 2274 auras

224 2295 445 2339 Dispiciunt,
468 2295 598 2328 clausze
617 2293 777 2327 tenebris
795 2296 832 2327 et
852 2305 990 2328 carcere
1009 2305 1113 2329 caeco.

227 2348 324 2389 Quin
344 2351 380 2382 ct
399 2358 566 2394 supremo
586 2358 700 2391 quum
719 2345 857 2380 lumine
877 2346 955 2381 vita
972 2347 1130 2391 reliquit,

1395 2079 1435 2102 5:⁵0

1397 2343 1435 2365 7235
