1528 2569
624 109 757 135 Lmen
787 108 850 135 111.
1343 101 1389 137 :xi

189 196 321 231 Martis
341 195 425 240 equi
443 195 596 240 bijuges,
619 199 656 230 et
674 197 797 240 magni
816 207 941 230 currus
959 195 1120 230 Achillis.

189 249 285 283 Talis
304 250 341 282 et
359 249 435 293 ipse
450 249 579 293 jubam
599 250 733 283 cervice
753 249 883 283 effudit
902 249 1037 293 equina

189 302 362 346 Conjugis
381 302 543 335 adventu
563 303 690 346 pernix
710 302 900 345 Saturnus,
922 304 958 335 et
977 302 1093 335 altum

188 355 316 389 Pelion
335 355 482 388 hinnitu
500 356 642 399 fugiens
661 355 826 399 implevit
844 357 960 389 acuto.

187 408 300 441 Hunc
319 419 476 452 quoque,
494 409 559 441 ubi
578 411 642 442 aut
661 409 787 442 morbo
805 408 925 452 gravis
944 410 1008 441 aut
1023 407 1101 451 jam
1118 406 1260 450 segnior
1279 407 1384 440 annis

186 461 331 503 Deficit,
353 461 444 494 abde
463 461 580 504 domo⁷
613 473 679 495 nec
696 461 797 505 turpi
815 462 958 504 ignosce
977 463 1140 494 senectae.

187 514 357 558 Frigidus
375 514 413 547 in
433 514 614 547 Venerem
633 514 763 557 senior,
784 514 991 558 frustraque
1010 513 1169 547 laborem

188 567 380 611 Ingratum
397 567 511 600 trahit
532 580 539 608 ;
568 570 617 610 et,
639 567 669 600 si
688 567 834 611 quando
852 567 898 600 ad
918 567 1041 610 praelia
1059 569 1212 600 ventum
1231 568 1299 608 est,

188 619 241 653 Ut
261 620 445 664 quondam
464 620 502 653 in
521 620 665 663 stipulis
684 631 836 663 magnus
855 619 931 652 sine
949 620 1087 652 viribus
1106 619 1210 662 ignis,

187 672 375 707 Incassum
393 673 492 706 furit.
552 672 648 716 Ergo
667 673 806 705 animos
825 683 1018 715 aevumque
1037 672 1180 705 notabis

188 725 374 769 Praecipue
392 738 399 760 z
427 725 512 758 hinc
530 725 618 758 alias
637 727 744 767 artes,
766 725 976 768 prolemque
995 727 1200 768 parentum,

186 778 236 813 Et
255 779 336 823 quis
355 778 485 822 cuique
504 778 607 811 dolor
624 778 733 820 victo,
756 789 838 821 quae
856 778 969 821 gloria
986 777 1126 820 pahnae.

188 831 322 866 Nonne
341 831 455 874 vides,
487 843 602 874 quum
620 831 798 875 praecipiti
817 830 1012 864 certamine
1032 842 1199 874 campum

190 885 412 928 Corripuere,
433 886 622 928 ruuntque
641 883 745 917 effusi
763 895 901 917 carcere
920 895 1045 917 currus
1062 897 1070 925 ;

188 937 311 979 Quum
330 949 410 981 spes
428 939 575 971 arrectae
589 937 783 981 juvenum,
806 932 1099 980 exsultantiaque
1118 936 1240 970 haurit

189 991 306 1025 Corda
324 1002 436 1035 pavor
454 990 603 1034 pulsans
622 1003 631 1032 ;
658 990 713 1023 illi
730 990 870 1023 instant
889 990 1036 1023 verbere
1055 991 1166 1032 torto,

189 1043 238 1078 Et
256 1043 361 1088 proni
380 1043 470 1077 dant
489 1044 566 1077 lora
584 1056 590 1078 z
618 1043 719 1077 volat
738 1043 775 1077 vi
795 1043 958 1076 fervidus
977 1043 1056 1076 axis
1073 1055 1079 1076 :

187 1096 347 1141 Jamque
365 1097 532 1139 humiles,
550 1096 700 1140 jamque
720 1096 806 1129 elati
824 1096 977 1129 sublime
998 1095 1171 1129 videntur

188 1151 285 1184 Ae‘ra
302 1162 366 1194 per
383 1161 540 1183 vacuum
558 1149 655 1192 ferri,
677 1151 788 1193 atque
806 1161 991 1193 assurgere
1009 1149 1049 1182 in
1067 1160 1182 1182 auras

189 1203 226 1237 N
230 1215 269 1237 ec
287 1215 399 1246 mora,
420 1215 486 1236 nec
504 1202 647 1246 requies
665 1215 671 1236 :
700 1205 738 1235 at
757 1202 868 1236 fulvae
887 1202 1033 1235 nimbus
1051 1213 1170 1235 arenae

189 1256 345 1290 Tollitur
364 1270 372 1298 ;
399 1256 617 1289 humescunt
636 1255 772 1299 spumis
790 1255 954 1299 flatuque
973 1255 1189 1299 sequentum
1206 1266 1214 1289 ε

190 1309 328 1343 Tantus
347 1321 448 1343 amor
465 1309 629 1351 laudum,
650 1311 766 1341 tantae
785 1311 839 1341 est
857 1308 1008 1341 victoria
1027 1319 1121 1341 cura*
1143 1309 1148 1341 Σ

243 1362 388 1396 Primus
407 1361 666 1395 Erichthonius
686 1372 812 1394 currus
831 1363 867 1394 et
886 1363 1045 1404 quatuor
1062 1372 1171 1394 ausus

187 1415 215 1450 J
216 1427 350 1459 ungere
369 1426 492 1458 equos,
513 1414 732 1458 rapidusque
750 1414 840 1447 rotis
858 1414 1023 1447 insistere
1041 1413 1166 1448 victor.

189 1469 220 1502 F
222 1480 320 1502 raena
339 1468 563 1501 Pelethronii
582 1467 759 1510 Lapithae,
781 1478 963 1510 gyrosque
982 1466 1126 1509 dedere,

189 1521 357 1565 Impositi
375 1521 492 1564 dorso,
514 1523 625 1564 atque
645 1520 805 1563 equitem
824 1519 977 1553 docuere
996 1520 1063 1553 sub
1082 1520 1190 1553 armis

190 1574 373 1608 Insultare
392 1574 480 1617 solo,
503 1576 539 1606 et
559 1584 700 1617 gressus
719 1573 917 1616 glomerare
936 1573 1117 1616 superbos.

190 1628 337 1672 AEquus
356 1630 510 1671 uterque
527 1627 628 1660 labor
645 1639 653 1667 3
682 1637 786 1669 aeque
801 1625 1049 1670 juvenemque
1068 1626 1229 1669 magistri

189 1681 411 1725 Exquirunt‚
434 1680 665 1723 calidumque
684 1679 825 1721 animis,
848 1681 885 1712 et
904 1679 1067 1712 cursibus
1086 1690 1203 1712 acrem
1225 1691 1232 1713 ε

190 1733 364 1775 Quamvis
383 1745 476 1777 saepe
495 1733 582 1776 fuga
600 1743 722 1765 versos
739 1732 801 1765 ille
820 1732 933 1776 egerit
952 1732 1087 1774 hostes,

190 1787 240 1820 Et
257 1787 413 1831 patriam
433 1786 585 1830 Epirum
604 1785 750 1828 referat,
772 1785 958 1829 fortesque
978 1785 1152 1829 Mycenas
1172 1797 1180 1825 ;

191 1840 431 1884 Neptunique
449 1839 528 1883 ipsa
548 1838 706 1871 deducat
725 1838 860 1881 origine
879 1840 1034 1881 gentem.

243 1893 314 1926 His
332 1892 602 1934 animadversis,
623 1891 763 1925 instant
781 1891 848 1924 sub
867 1894 1011 1934 tempus
1028 1904 1036 1931 ;
1065 1893 1101 1924 et
1121 1901 1245 1925 omnes,

193 1946 420 1990 Impendunt
440 1956 554 1988 curas,
577 1944 690 1978 denso
709 1944 915 1977 distendere
933 1944 1071 1988 pingui,

192 1999 309 2040 Quem
326 1998 444 2042 legere
463 1998 591 2032 ducem
611 2000 647 2031 et
666 1997 786 2041 pecori
805 1997 930 2030 dixere
949 1997 1123 2030 maritum
1143 2009 1150 2030 ι

190 2052 449 2096 Pubentesque
468 2053 590 2084 secant
609 2050 750 2093 herbas,
772 2050 974 2094 fluviosque
993 2050 1216 2092 ministrant,

190 2105 374 2150 Farraque
391 2118 399 2146 ;
428 2116 473 2138 ne
492 2104 626 2137 blando
646 2105 804 2147 nequeat
823 2114 1006 2147 superesse
1026 2102 1152 2145 labori,

192 2159 425 2202 Invalidique
443 2159 589 2202 patrum
608 2156 766 2190 referant
780 2156 922 2200 jejunia
940 2155 1028 2189 nati.

192 2211 276 2256 Ipsa
294 2214 418 2246 autem
435 2211 548 2244 macie
567 2211 723 2243 tenuant
740 2211 905 2243 armenta
923 2209 1086 2243 volentes
1106 2221 1113 2242 :

192 2265 316 2309 Atque
335 2264 399 2298 ubi
417 2264 630 2298 concubitus
648 2262 783 2306 primos
797 2262 876 2306 jam
894 2265 982 2296 nota
999 2262 1168 2305 voluptas

193 2318 382 2361 Sollicitat,
403 2317 624 2360 frondesque
644 2317 791 2359 negant,
814 2318 851 2349 et
870 2316 1033 2349 fontibus
1052 2317 1176 2348 arcent
1196 2328 1203 2355 3

195 2371 297 2415 Saepe
316 2371 425 2406 ctiam
445 2381 552 2404 cursu
572 2369 760 2413 quatiunt,
782 2371 819 2402 et
838 2370 911 2403 sole
930 2369 1085 2412 fatigant
1103 2381 1110 2410 ;

1372 350 1395 371 9⁴

1361 668 1399 688 100

1360 932 1399 953 ms

1363 1198 1402 1219 110

1365 1462 1402 1482 115

1366 1728 1405 1748 190

1369 1995 1404 2014 12⁵·

1370 2256 1405 2275 ²:³0

1172 2417 1236 2445 1³2
