1528 2569
667 123 801 151 LIBER
830 124 893 152 111.
1385 115 1436 152 57

233 212 432 258 Hospitiis:
461 215 608 247 tantum
628 215 745 258 campi
760 214 867 258 jacet.
928 212 1061 247 Omnia
1079 225 1201 247 secum

232 266 484 301 Armentarius
503 267 592 300 Afer
611 267 697 311 agit,
719 270 942 311 tectumque,
965 267 1160 310 laremque,

232 320 430 363 Armaque,
446 320 746 364 Amyclaeumque
759 332 896 363 canem,
914 319 1148 364 Cressamque
1160 320 1364 363 pharetram
1377 332 1384 354 :
1399 317 1425 337 ³⁴

232 372 321 406 Non
340 384 440 406 secus
459 384 499 406 ac
518 373 643 416 patriis
662 385 742 406 acer
760 373 947 407 Romanus
961 373 1000 406 in
1014 373 1122 406 armis

231 426 378 470 Injusto
397 425 465 459 sub
484 426 578 459 fasce
598 426 694 459 viam
715 438 828 470 quum
848 426 973 470 carpit,
997 428 1033 459 et
1052 426 1149 459 hosti

231 478 329 513 Ante
345 481 576 522 expectatum
594 479 721 522 positis
741 481 815 512 stat
832 479 871 512 in
890 479 1033 523 agmine
1053 479 1186 512 castris.

285 532 337 565 At
356 543 442 575 11011,
465 543 537 576 qua
557 531 715 576 Scythiae
734 534 871 576 gentes,
894 532 1136 576 Maeoticaque
1155 531 1266 576 unda,

232 584 414 618 Turbidus
433 587 470 618 et
488 587 661 629 torquens
679 585 854 618 flaventes
873 584 968 618 Ister
981 597 1106 619 arenas
1126 597 1134 626 ;
1400 581 1441 602 3⁵⁰

232 637 384 682 Quaque
403 637 499 671 redit
517 638 678 671 medium
697 638 875 681 Rhodope
893 640 1057 681 porrecta
1075 638 1142 671 sub
1161 650 1276 672 axem.

231 690 314 724 Illic
332 691 453 724 clausa
470 693 598 727 tenent
618 690 771 724 stabulis
789 693 954 723 armenta
971 704 978 732 3
1006 702 1126 734 neque
1144 691 1229 724 ullae

231 743 311 777 Aut
329 743 450 776 herbae
469 754 595 786 campo
614 745 799 787 apparent,
824 745 888 776 aut
907 743 1034 776 arbore
1054 744 1203 777 frondes
1218 756 1228 786 3

234 796 305 830 Sed
320 796 417 840 jacet
436 796 623 840 aggeribus
642 796 757 829 niveis
776 796 953 839 informis,
975 799 1011 829 et
1029 796 1105 830 alto

232 849 341 882 Terra
359 849 442 893 gelu
461 849 545 892 late,
569 851 778 893 septemque
797 848 952 892 assurgit
970 849 1009 882 111
1027 850 1133 883 ulnas
1151 861 1159 884 :

233 902 381 946 Semper
398 902 525 945 hiems,
548 913 687 945 semper
706 902 884 946 spirantes
902 902 1035 945 frigora
1054 902 1171 937 Cauri.

233 955 326 988 Tum
346 955 407 989 Sol
425 955 602 999 pallentes
621 955 719 988 haud
739 966 902 999 unquam
922 956 1072 989 discutit
1090 957 1237 990 umbras
1256 968 1265 998 ;

233 1008 313 1041 Nec
332 1020 446 1052 quum
464 1008 631 1041 invectus
651 1008 752 1052 equis
771 1009 887 1041 altum
906 1009 999 1052 petit
1014 1009 1162 1052 aethera,
1185 1020 1252 1043 nec
1270 1020 1385 1053 quum

232 1061 462 1105 Praecipitem
481 1061 615 1095 Oceani
633 1061 743 1095 rubro
762 1061 852 1095 lavit
870 1073 1015 1105 aequore
1034 1074 1189 1096 currum.

233 1114 478 1148 Concrescunt
497 1114 627 1148 subitae
646 1115 805 1148 currenti
823 1114 861 1147 in
880 1114 1029 1148 flumine
1049 1118 1179 1149 crustae
1195 1128 1204 1158 ;
1401 1111 1442 1132 ³⁶⁰

234 1167 416 1211 Undaque
432 1167 510 1211 jam
528 1170 630 1211 tergo
650 1168 801 1201 ferratos
820 1168 976 1201 sustinet
996 1168 1110 1211 orbes,

233 1220 423 1264 Puppibus
441 1221 504 1254 illa
521 1221 620 1264 prius
639 1220 785 1264 patulis,
808 1232 905 1253 nunc
923 1221 1068 1264 hospita
1085 1221 1256 1265 plaustris
1276 1233 1284 1257 :

233 1273 398 1317 .AEraque
418 1273 602 1306 dissiliunt
620 1273 742 1317 vulgo,
764 1276 954 1317 vestesque
973 1274 1157 1318 rigescunt

235 1327 395 1369 Indutae,
414 1327 632 1370 caeduntque
653 1327 835 1360 securibus
854 1326 1006 1360 humida
1024 1327 1120 1371 vina,

234 1379 283 1413 Et
302 1382 390 1412 totae
411 1379 563 1413 solidam
581 1380 620 1412 in
639 1379 791 1423 glaciem
811 1379 950 1412 vertere
970 1380 1122 1424 lacunae,
1403 1377 1443 1397 ³⁶⁵

235 1432 416 1476 Stiriaque
434 1432 588 1476 impexis
607 1432 774 1465 induruit
793 1432 940 1465 horrida
958 1433 1090 1467 barbis.

234 1486 381 1519 Interea
399 1487 478 1518 toto
497 1497 570 1518 non
592 1485 706 1519 secius
724 1489 803 1519 aere
823 1485 943 1529 ningit
964 1498 970 1520 :

233 1537 427 1572 Intereunt
445 1539 599 1582 pecudes
619 1551 627 1579 3
656 1540 756 1572 stant
775 1539 990 1573 circumfusa
1003 1539 1143 1583 pruinis

234 1591 391 1635 Corpora
409 1603 539 1635 magna
557 1592 669 1625 boum
689 1604 697 1633 ;
725 1592 960 1636 confertoque
979 1593 1122 1636 agmine
1141 1593 1237 1626 cervi

233 1645 393 1688 Torpent
411 1645 505 1678 mole
524 1646 631 1687 nova,
654 1647 690 1678 et
710 1645 861 1678 summis
879 1646 941 1679 vix
963 1646 1134 1679 cornibus
1153 1647 1293 1681 extant.
1406 1642 1446 1666 ⁸⁷⁰

236 1697 316 1731 Hos
335 1709 409 1731 non
428 1697 597 1731 immissis
616 1698 777 1741 canibus,
800 1710 873 1732 non
894 1699 1052 1732 cassibus
1071 1699 1168 1743 ullis,

233 1751 449 1784 Puniceaeve
468 1751 609 1794 agitant
627 1751 779 1794 pavidos
797 1751 991 1785 formidine
1009 1764 1140 1795 pennae
1160 1765 1167 1786 :

235 1804 305 1838 Sed
324 1804 460 1837 frustra
479 1804 685 1847 oppositum
704 1804 895 1838 trudentes
913 1807 1057 1848 pectore
1071 1807 1235 1839 montem

235 1857 407 1891 Cominus
426 1857 646 1890 obtruncant
666 1857 772 1900 ferro,
794 1858 1024 1901 graviterque
1043 1859 1218 1892 rudentes

235 1910 403 1953 Caedunt,
425 1912 462 1943 et
479 1921 611 1953 magno
630 1910 707 1944 laeti
726 1910 878 1944 clamore
892 1914 1089 1954 reportant.
1407 1907 1449 1930 ³⁷⁵

236 1963 312 2007 Ipsi
330 1963 368 1996 in
388 1962 538 1996 defossis
557 1963 733 2006 specubus
753 1975 877 1997 secura
896 1964 964 1997 sub
983 1965 1058 1998 alta

237 2015 321 2049 Otia
340 2018 453 2059 agunt
472 2018 569 2049 terra
586 2029 593 2057 ;
622 2019 864 2060 congestaque
883 2016 1024 2060 robora,
1047 2020 1217 2061 totasque

235 2069 442 2103 Advolvere
459 2069 548 2102 focis
566 2069 695 2111 ulmos,
718 2069 866 2113 ignique
885 2069 1025 2104 dedere.

236 2122 309 2156 Hic
328 2125 473 2155 noctem
491 2121 579 2155 ludo
599 2121 752 2165 ducunt,
775 2125 812 2155 et
831 2123 961 2166 pocula
982 2123 1060 2157 laeti

235 2176 431 2209 Fermento
450 2177 561 2218 atque
580 2174 692 2208 acidis
710 2175 903 2208 imitantur
920 2176 1018 2209 vitea
1038 2175 1160 2210 sorbis.
1407 2172 1449 2192 ³²³⁰

236 2228 331 2262 Talis
351 2228 588 2272 Hyperboreo
608 2230 745 2271 septem
766 2229 929 2273 subjecta
947 2229 1060 2262 trioni

237 2281 335 2315 Gens
354 2282 500 2314 effraena
517 2281 637 2314 virum
656 2281 810 2324 Rhipaeo
828 2282 1000 2315 tunditur
1020 2282 1117 2316 Euro
1134 2294 1143 2324 ;

237 2334 287 2368 Et
306 2334 486 2378 pecudum
505 2334 616 2367 fulvis
635 2334 806 2367 velantur
825 2346 973 2379 corpora
992 2335 1086 2369 setis.

292 2387 331 2421 Si
350 2387 417 2420 tibi
436 2387 608 2421 lanicium
628 2399 734 2431 curae,
756 2388 915 2431 primum
933 2400 1058 2434 aspera
1078 2387 1192 2432 sylva,

1214 2445 1236 2468 n
1259 2437 1279 2468 3

1427 317 1439 337 5

1400 846 1441 866 855
