1559 2584
126 95 172 132 [Ο
556 105 741 134 VIRGILH
770 105 1000 133 BUCOLICA.

487 281 685 317 ECLOGA
711 280 758 315 V.
764 280 1002 315 —DAPHN
1006 281 1061 317 IS.

559 375 767 399 MENALCAS.
827 374 982 399 MOPSUS.

169 434 275 469 ΜΕΝ.
310 434 393 469 Gon
410 446 496 478 non,
518 434 661 479 Mopse,
683 433 770 468 boni
789 433 960 476 quoniam
977 433 1213 468 convenimus
1230 433 1350 478 ambo,

118 486 173 522 Tu
193 488 347 522 calamos
366 488 493 521 inflare
511 488 620 531 leves,
644 499 708 531 ego
728 487 848 520 dicere
868 498 1006 529 versus,

115 539 189 574 Hic
208 541 337 584 corylis
355 541 490 574 mixtas
507 540 605 574 inter
623 539 844 574 considimus
862 539 980 573 ulmos
998 539 1010 573 2

170 593 270 627 Mor.
306 594 360 628 Tu
379 593 495 638 major
514 607 522 635 3
550 593 619 627 tibi
636 604 695 627 me
714 595 769 626 est
788 603 937 635 aequum
954 603 1091 637 parere,
1114 591 1284 627 Menalca
1303 604 1312 634 ;

116 645 200 680 Sive
218 646 286 680 sub
304 646 460 680 incertas
478 646 654 691 Zephyris
673 645 899 680 motantibus
918 646 1077 689 umbras,

117 698 200 733 Sive
219 701 325 733 antro
343 699 465 743 potius
484 700 728 734 succedimus:
757 698 913 742 adspice,
935 702 978 732 ut
998 701 1145 733 antrum

117 751 311 796 Sylvestris
330 753 419 786 raris
439 753 569 796 sparsit
587 753 753 786 labrusca
771 752 929 785 racemis.

169 805 274 839 ΜΕΝ.
309 805 501 839 Montibus
520 805 558 838 in
578 805 711 839 nostris
731 806 828 839 solus
848 805 918 838 tibi
938 806 1051 838 certet
1070 804 1262 848 Amyntas.

169 858 270 892 MOP.
305 857 414 902 Quid,
437 858 468 891 si
486 858 583 892 idem
603 861 716 892 certet
736 858 919 893 Phoebum
939 869 1107 901 superare
1128 856 1317 891 canendo?

169 910 273 945 ΜΕΝ.
309 911 446 954 Incipe,
477 911 618 955 Mopse,
646 912 744 955 prior
763 924 770 946 :
800 912 830 945 si
850 922 940 956 quos
959 913 1024 944 aut
1043 911 1225 955 Phyllidis
1244 911 1357 956 ignes,

116 963 195 997 Aut
214 964 363 997 Alconis
381 964 492 997 habes
511 964 648 1008 laudes,
671 967 735 998 aut
749 964 871 1009 jurgia
891 964 1008 998 Codri.

115 1016 239 1060 Incipe
258 1029 264 1051 :
292 1020 479 1061 pascentes
498 1018 656 1051 servabit
675 1018 822 1061 Tityrus
840 1017 972 1052 haedOS.

167 1069 267 1103 MOP.
293 1070 411 1103 Immo
430 1070 519 1113 haec,
542 1070 581 1104 in
600 1071 708 1104 viridi
728 1082 844 1115 nuper
864 1082 946 1115 quae
967 1070 1098 1104 cortice
1118 1069 1193 1115 fagi

116 1122 285 1156 Carmina
303 1123 486 1166 descripsi,
509 1125 546 1157 et
564 1123 757 1157 modulans
777 1125 916 1157 alterna
935 1123 1071 1166 notavi,

113 1174 291 1219 Experiar
309 1188 315 1210 :
343 1178 387 1209 tu
406 1176 537 1209 deindc
553 1176 695 1220 jubeto,
718 1179 832 1210 certet
851 1177 1041 1220 Amyntas.

167 1228 272 1263 ΜΕΝ.
307 1228 425 1262 Lenta
444 1229 535 1262 salix
555 1231 735 1272 quantum
750 1230 905 1273 pallenti
923 1229 1019 1263 cedit
1038 1228 1157 1273 olivae,

113 1281 284 1315 Puniceis
302 1281 450 1314 humilis
470 1284 649 1325 quantum
669 1282 829 1316 saliunca
847 1282 974 1316 rosetis
993 1295 1002 1324 3

113 1333 141 1368 J
142 1334 262 1368 udicio
282 1337 406 1368 nostro
424 1337 572 1368 tantum
586 1335 655 1368 tibi
674 1335 770 1369 cedit
784 1336 975 1379 Amyntas

166 1387 266 1421 Mor.
302 1387 372 1421 Sed
391 1390 435 1420 tu
454 1387 577 1421 desine
596 1388 712 1431 plura,
734 1400 824 1432 puer
842 1402 848 1423 ι
878 1388 1114 1422 successimus
1133 1390 1250 1424 antro.

111 1440 347 1474 Exstinctum
361 1440 547 1484 Nymphae
566 1441 703 1474 crudeli
721 1441 848 1475 funere
873 1441 1046 1485 Daphnin

111 1492 267 1527 Flebant
285 1506 292 1528 ε
321 1505 385 1527 vos
405 1494 517 1537 coryli
536 1496 658 1537 testes,
681 1496 717 1528 et
740 1494 902 1538 flumina,
925 1493 1109 1538 Nymphis
1125 1504 1136 1529 ι

112 1546 248 1590 Quum,
271 1547 458 1590 complexa
477 1547 533 1580 sui
552 1558 680 1591 corpus
699 1547 901 1581 miserabile
922 1547 1013 1590 nati,

110 1600 236 1644 Atque
256 1599 342 1633 deos
361 1602 471 1643 atque
491 1602 587 1633 astra
605 1602 711 1633 vocat
731 1600 890 1634 crudelia
908 1602 1035 1634 mater.

111 1652 199 1687 Non
217 1653 286 1686 ulli
307 1655 429 1696 pastos
447 1653 518 1686 illis
538 1653 641 1697 egere
660 1653 788 1687 diebus

110 1706 270 1749 Frigida,
292 1706 451 1750 Daphni,
474 1706 583 1739 boves
602 1705 648 1740 ad
668 1707 820 1739 flumina
837 1719 844 1747 ;
872 1706 976 1740 nulla
994 1718 1112 1750 neque
1130 1717 1273 1741 amnem

110 1758 257 1793 Libavit
277 1759 495 1803 quadrupes,
518 1770 585 1792 nec
603 1760 776 1803 graminis
795 1759 918 1803 attigit
937 1759 1096 1794 herbam.

110 1812 269 1856 Daphni,
292 1814 399 1845 tuum
419 1812 553 1845 Poenos
573 1813 683 1846 etiam
704 1812 921 1856 ingemuisse
940 1812 1062 1846 leones

111 1865 322 1908 Interitum,
345 1868 560 1908 montesque
579 1865 646 1898 feri
666 1865 851 1909 sylvaeque
870 1865 1084 1909 loquuntur.

110 1917 276 1962 Daphnis
295 1920 332 1951 et
351 1918 542 1951 Armenias
563 1930 669 1952 curru
689 1919 909 1962 subjungere
928 1919 1038 1962 tigres

110 1971 280 2004 Instituit
297 1984 304 2012 3
333 1971 499 2014 Daphnis
517 1971 654 2005 thiasos
672 1971 842 2005 inducere
864 1971 1009 2015 Bacchi,

109 2024 158 2058 Et
177 2024 273 2058 foliis
291 2024 410 2057 lentas
428 2024 591 2058 intexere
609 2024 779 2057 mollibus
798 2025 930 2058 hastas.

109 2077 207 2111 Vitis
235 2080 277 2111 ut
296 2077 485 2111 arboribus
503 2077 625 2111 decori
643 2080 710 2121 cst,
737 2079 779 2111 ut
798 2077 935 2111 vitibus
954 2088 1049 2121 uvae,

108 2130 162 2164 Ut
180 2131 349 2174 gregibus
367 2131 475 2174 tauri,
498 2133 637 2174 segetes
655 2133 698 2164 ut
716 2130 912 2174 pinguibus
931 2130 1026 2164 arvis
1043 2143 1052 2172 ;

109 2183 164 2217 Tu
184 2184 293 2217 decus
312 2195 418 2217 omne
432 2184 515 2217 tuis.
577 2183 779 2228 Postquam
798 2186 834 2217 te
854 2184 931 2217 fata
945 2183 1122 2227 tulerunt,

109 2236 193 2280 Ipsa
213 2236 319 2270 Pales
338 2248 453 2280 agros,
476 2239 586 2280 atque
606 2237 682 2280 ipse
701 2237 849 2280 reliquit
868 2236 1011 2280 Apoll0.

109 2289 271 2323 Grandia
290 2300 385 2332 saepe
405 2289 536 2333 quibus
555 2290 808 2323 mandavimus
827 2289 963 2323 hordea
981 2288 1100 2332 sulcis,

110 2342 245 2376 Infelix
264 2342 390 2376 lolium
411 2345 447 2376 et
468 2342 606 2375 stcrilcs
626 2344 825 2376 nascuntur
844 2353 968 2376 avenae
988 2354 996 2376 :

1409 908 1434 929 10

1407 1174 1432 1196 1⁵

1400 1704 1427 1727 21·-

1401 1968 1429 1988 ³0
