1528 2569
587 109 771 136 VIRGILH
802 110 914 137 CIBIS
921 129 928 136 .

215 194 303 229 Non
321 207 497 240 umquam
515 196 651 231 violata
669 208 781 231 manu
801 197 954 232 sacraria
973 197 1079 232 divae

216 247 377 292 Urendo,
399 249 540 293 infelix,
562 250 812 294 nequidquam
831 251 941 284 thura
958 251 1102 294 piasses.

215 301 264 335 Et
283 302 313 335 si
332 302 413 346 quis
431 303 595 336 nocuisse
615 303 683 336 tibi
702 303 858 347 periuria
877 304 1012 347 credat,

216 354 332 388 Causa
350 355 410 398 pia
428 358 482 389 est
501 368 507 390 :
536 356 662 389 timuit
681 357 786 390 fratri
805 359 841 390 te
861 357 1051 390 ostendere
1072 357 1176 393 Iuno.

215 407 266 441 At
285 408 374 441 levis
393 408 454 441 ille
474 409 575 451 (leus,
599 409 657 442 cui
676 421 816 453 semper
835 410 880 443 ad
899 410 1149 444 ulciscendum

216 460 412 501 Quaeritur
431 473 477 494 ex
495 462 595 495 omni
614 463 807 496 verborum
826 463 960 496 iniuria
979 463 1090 507 dicto,

215 515 337 547 Aurea
355 514 513 557 fulgenti
532 515 746 558 depromens
765 516 839 549 tela
858 516 1041 560 pharetra,

216 566 302 600 Heu
321 567 475 600 nimium
494 571 654 601 mentem
673 571 710 601 et
729 569 883 602 nimium
901 569 1084 603 irritantia
1102 570 1195 612 visu,

215 619 377 663 Virginis
395 620 435 653 111
453 624 578 654 tenera
598 621 776 654 defixerat
795 622 917 655 omnia
936 625 1068 656 mente.

216 672 315 712 Quae
335 673 443 706 simul
462 685 502 707 ac
521 674 622 707 venis
641 674 763 707 hausit
781 674 991 707 sitientibus
1009 675 1143 718 ignem,

215 725 264 759 Et
283 726 447 759 validum
466 727 613 770 penitus
633 727 797 770 concepit
816 728 855 760 in
875 739 954 760 ossa
972 728 1132 761 furorem
1149 740 1157 763 ς

216 778 331 812 Saeva
350 779 450 812 velut
470 780 597 823 gelidis
617 780 787 813 Edonum
808 779 968 813 Bi-,tonis
988 781 1070 824 oris,

214 832 340 865 Ictave
357 832 543 866 barbarico
563 832 714 876 Cybeles
732 833 898 866 antistita
916 833 1027 877 buxo,

215 885 351 918 Infelix
368 885 469 929 virgo
487 889 567 919 tota
586 886 783 920 bacchatur
801 887 839 919 in
858 886 960 929 urbe,

215 938 302 971 Non
321 941 462 982 styrace
484 939 594 972 Idaeo
613 939 806 983 flagrantes
825 939 942 973 tincta
961 940 1120 983 capillos,

216 991 370 1035 Cognita
388 1003 462 1025 non
480 992 615 1025 teneris
633 992 786 1036 pedibus
806 992 973 1036 Sicyonia
993 1004 1152 1038 servans,

216 1044 303 1078 Non
322 1045 428 1078 niveo
446 1046 607 1078 retinens
626 1045 773 1079 baccata
791 1045 941 1079 monilia
960 1046 1060 1079 collo.

216 1097 381 1131 Multum
399 1098 453 1131 1111
472 1098 610 1132 incerto
628 1099 816 1142 trepidant
836 1099 986 1142 vestigia
1006 1111 1111 1132 cursu
1131 1111 1138 1134 :

218 1151 329 1194 Saepe
348 1151 443 1184 redit
461 1152 599 1195 patrios
617 1152 835 1185 adscendere
854 1152 996 1195 perdita
1014 1164 1149 1196 muros,

217 1204 415 1247 Aeriasque
433 1205 521 1238 facit
536 1216 679 1238 causam
699 1216 735 1238 se
755 1205 869 1239 visere
891 1208 1007 1238 turres
1027 1218 1035 1246 ;

218 1257 330 1300 Saepe
350 1258 460 1291 etiam
478 1258 600 1291 tristes
620 1258 769 1291 volvens
788 1258 826 1291 in
846 1261 951 1291 nocte
972 1258 1148 1302 querelas,

219 1310 371 1343 Sedibus
391 1322 436 1343 ex
454 1311 537 1344 altis
557 1311 646 1344 coeli
665 1312 873 1354 speculatur
893 1323 1064 1354 amorem,

221 1363 417 1407 Castraque
437 1367 642 1407 prospectat
663 1364 794 1397 crebris
812 1364 972 1397 lucentia
991 1365 1154 1398 fiammis.

219 1416 334 1449 Nulla
353 1417 473 1449 colum
492 1417 607 1459 novit,
630 1428 754 1450 carum
773 1429 847 1450 non
865 1417 1011 1460 respicit
1030 1429 1171 1461 aurum,

219 1469 255 1502 Ν
259 1481 306 1503 011
325 1472 454 1513 arguta
473 1473 604 1503 sonant
623 1470 728 1503 tenui
746 1470 916 1513 psalteria
936 1470 1082 1513 chorda,

219 1522 305 1556 Non
325 1522 460 1566 Libyco
480 1523 607 1556 molles
626 1523 853 1567 plauduntur
871 1523 1013 1567 pectine
1033 1524 1137 1558 telae.

219 1576 257 1608 Ν
259 1576 355 1609 ullus
374 1576 412 1608 111
431 1588 491 1609 ore
509 1576 620 1609 rubor
641 1589 646 1610 :
676 1577 740 1610 ubi
759 1577 855 1609 enim
874 1581 995 1619 rubor,
1018 1577 1139 1610 obstat
1157 1577 1280 1613 amori.

218 1631 343 1672 Atque
362 1629 425 1662 ubi
444 1629 545 1662 nulla
563 1629 667 1663 malis
686 1630 819 1673 reperit
841 1630 969 1663 solatia
989 1630 1114 1673 tantis,

219 1682 507 1726 Tabinlulainque
526 1682 628 1716 videt
647 1683 720 1716 labi
739 1695 803 1726 per
821 1683 958 1716 viscera
976 1687 1131 1716 mortem
1149 1696 1155 1717 :

220 1736 299 1776 Quo
318 1738 425 1768 vocat
443 1735 494 1768 irc
515 1736 630 1779 dolor,
654 1736 828 1780 subigunt
848 1748 920 1779 quo
941 1736 1090 1769 tendere
1110 1738 1198 1780 fata,

220 1789 364 1831 Fertur,
387 1791 424 1821 et
442 1788 608 1822 horribili
626 1801 794 1833 praeceps
813 1789 1015 1832 impellitur
1034 1801 1085 1822 0οτ
1095 1792 1165 1833 tro,

221 1841 273 1874 Ut
292 1841 417 1885 patris,
441 1841 488 1874 ah
507 1842 667 1885 (leniens,
690 1842 826 1875 crimen
845 1845 882 1875 te
902 1843 1037 1875 vertice
1056 1843 1168 1876 ferret

220 1894 436 1938 Furtimque
455 1898 584 1938 arguto
603 1895 797 1928 detonsum
816 1895 980 1928 mitteret
998 1895 1149 1928 hosti—

220 1947 258 1980 N
261 1959 392 1990 amque
411 1947 498 1981 11300
518 1948 678 1981 conditio
697 1948 847 1981 miserae
867 1949 1081 1992 proponitur
1100 1960 1244 1991 una,—

221 2001 303 2034 Sive
322 2000 385 2034 illa
402 2000 571 2044 ignorans
592 2014 598 2035 :
628 2001 708 2044 quis
727 2013 801 2034 11011
821 2001 937 2035 bonus
957 2002 1079 2034 onmia
1098 2002 1202 2035 11131111

221 2054 386 2096 Credere,
409 2065 519 2096 quam
537 2054 633 2087 tanti
652 2053 793 2087 sceleris
812 2055 983 2088 damnare
1002 2055 1160 2097 puellam
1176 2055 1187 2088 2

220 2107 307 2140 Heu
325 2109 450 2140 tamen
469 2107 744 2151 infelix—quid
764 2108 860 2140 0111111
879 2107 1127 2150 iinpmdsntia
1146 2108 1263 2151 prode.
1281 2111 1293 2141 t
1314 2107 1376 2141 ?-—

222 2160 312 2193 Nise
332 2162 448 2203 puter,
471 2160 541 2202 cui,
565 2161 707 2204 direpta
726 2160 921 2194 crudeliter
939 2161 1041 2203 urbe,

220 2212 296 2246 Vix
314 2213 382 2246 erit
401 2224 475 2246 una
494 2224 600 2256 super
619 2213 720 2246 sedes
738 2213 777 2246 in
795 2213 958 2246 turribus
977 2213 1072 2256 altis,

221 2265 353 2299 Fessus
375 2266 436 2298 ubi
455 2268 641 2300 exstructo
661 2266 774 2310 possis
794 2266 979 2300 considere
999 2267 1094 2300 nido.

221 2318 276 2352 Tu
295 2330 441 2362 queque
460 2319 536 2352 avis
555 2320 707 2353 moriere
726 2332 732 2354 :
762 2320 865 2353 dabit
884 2320 953 2352 tibi
972 2319 1046 2353 filia
1065 2331 1209 2363 poenas.

224 2371 402 2414 Gaudete,
425 2383 446 2405 o
468 2372 611 2415 0010105,
635 2373 812 2406 subnixae
833 2372 994 2406 nubibus
1013 2373 1109 2417 altis,

1372 102 1416 139 91

1389 303 1425 323 153

1392 568 1431 588 160

1391 831 1431 852 155

1394 1097 1433 1121 170

1396 1629 1434 1649 1811

1396 1894 1434 1914 135

1398 2159 1434 2178 ΗΟ
