1559 2584
123 69 206 110 206
599 81 784 112 vmcmn
813 82 967 113 AEnms.

228 166 431 204 Consedere
449 168 593 212 avium3
621 171 807 215 piscosove
826 183 932 206 amne
951 171 1108 206 Padusae

225 222 328 256 Dant
347 223 508 256 sonitum
527 223 628 256 rauci
645 234 710 268 per
728 226 858 268 stagna
874 224 1041 268 loquacia
1059 222 1172 268 cycni.

233 276 257 294 ‘⁶
270 275 426 318 Immo,'’
446 275 511 318 ait,
537 277 597 309 “0
617 276 724 319 cives,
747 280 891 320 arrepto
909 277 1111 321 tempore‚''
1132 277 1288 321 Turnus,

231 328 391 371 “Cogite
411 327 616 371 concilium,
639 330 676 362 et
694 340 820 372 pacem
839 329 986 363 laudate
1006 329 1191 364 sedentes:
1400 324 1444 348 ⁴⁶⁰

228 378 290 413 Illi
309 380 418 414 armis
436 381 476 414 in
494 391 606 424 regna
623 381 770 416 ruant.''
826 381 905 415 Nec
924 382 1030 425 plura
1046 383 1191 416 locutus

229 432 412 476 Corripuit
431 444 519 476 sese,
542 436 579 466 et
598 434 706 467 tectis
725 434 820 467 citus
838 434 974 468 extulit
992 435 1084 469 altis

231 487 257 504 “
271 485 338 528 Tu,
356 485 505 529 Voluse,
530 486 662 519 armari
680 485 898 520 Volscorum
913 487 1011 520 edice
1030 486 1219 530 maniplis3

227 536 348 581 Duc,”
366 538 401 571 ai
422 564 431 581 ,
457 539 482 556 “
495 541 532 572 et
552 539 730 573 Rutulos:
760 539 935 583 equitem,
957 539 1158 583 Messapus,
1182 539 1222 572 111
1240 539 1362 583 armis,

227 590 278 624 Et
297 602 380 624 cum
398 591 510 624 fratre
530 591 651 633 Coras,
674 591 759 624 latis
778 592 973 625 diffundite
994 592 1148 635 campis:
1402 589 1445 610 ⁴¹⁶⁵

228 643 319 676 Pars
338 643 461 677 aditus
481 643 581 677 urbis
600 644 758 687 firment,
781 647 971 688 turresque
992 646 1201 688 capessant:

229 695 367 739 Cetera,
394 707 467 740 qua
480 696 597 740 jusso,
620 708 763 730 mecum
784 709 914 730 manus
933 697 1068 731 inferat
1086 695 1225 731 arma.''

228 748 335 782 Ilicet
354 749 393 782 in
411 758 534 782 muros
553 750 631 782 tota
651 749 869 783 discurritur
887 750 985 784 urbe.

228 801 432 835 Concilium
449 802 526 845 ipse
544 804 648 845 pater
666 804 703 835 et
722 813 853 846 magna
870 802 1016 846 incepta
1034 802 1189 836 Latinus

227 853 383 897 Deserit,
407 865 449 888 ac
466 854 564 887 tristi
582 854 753 888 turbatus
772 858 934 899 tempore
953 855 1094 896 differt3

228 905 424 950 Multaque
443 918 480 940 se
498 907 653 950 incusat,
676 907 740 950 qui
758 919 833 940 non
851 908 1029 951 acceperit
1047 908 1145 941 ultro

228 959 458 993 Dardanium
477 960 635 1002 AEnean,
656 971 904 1004 generumque
923 960 1117 994 adsciveiit
1135 959 1227 994 urbi.

229 1010 462 1046 Praefodiunt
480 1011 543 1045 alii
561 1015 696 1056 portas,
719 1015 785 1045 aut
804 1024 891 1046 saxa
909 1012 1089 1056 sudesque

230 1064 460 1098 Subvectant
481 1077 487 1098 ε
515 1065 612 1098 bello
632 1065 697 1098 dat
716 1065 860 1108 signum
878 1077 987 1099 rauca
1007 1067 1201 1099 cruentum

228 1117 391 1151 Buccina
411 1129 417 1152 :
445 1119 527 1150 tum
545 1128 669 1150 muros
687 1118 789 1151 varia
808 1118 953 1152 cinxere
972 1119 1105 1151 corona

229 1169 413 1203 Matronae
433 1169 610 1213 puerique
631 1182 637 1204 :
666 1173 773 1203 vocat
792 1170 895 1204 labor
912 1171 1065 1204 ultimus
1084 1182 1217 1204 omnes,

229 1222 310 1256 Nec
327 1234 403 1256 non
421 1222 468 1256 ad
486 1223 667 1266 templum
686 1234 916 1267 summasque
935 1223 983 1257 ad
1002 1223 1163 1257 Palladis
1180 1233 1278 1256 arces

230 1275 456 1309 Subvehitur
474 1278 608 1319 magna
627 1278 786 1309 matrum
805 1276 930 1320 regina
949 1278 1107 1318 caterva,

228 1327 337 1362 Dona
354 1328 474 1361 ferens
492 1341 499 1369 ;
524 1328 708 1372 juxtaque
727 1340 846 1362 comes
865 1328 1018 1362 Lavinia
1037 1329 1150 1372 virgo,

229 1380 347 1414 Causa
365 1381 453 1414 mali
470 1381 578 1423 tanti,
601 1383 712 1424 atque
731 1381 853 1415 oculo÷
872 1381 1014 1426 dejecta
1032 1382 1189 1416 decoros.

230 1433 440 1467 Succedunt
460 1436 605 1476 matres,
629 1436 665 1467 et
684 1434 864 1477 templum
882 1434 990 1468 thure
1009 1435 1200 1478 vaporant,

229 1485 279 1519 Et
298 1488 448 1520 moestas
466 1486 542 1519 alto
561 1486 726 1519 fundunt
746 1487 790 1519 de
809 1487 934 1520 limine
953 1498 1058 1520 voces
1080 1499 1087 1521 ι

233 1539 259 1557 “
276 1539 511 1582 Armipotens
529 1538 616 1571 belli
634 1550 780 1582 prwses,
803 1539 966 1573 Tritonia
984 1539 1098 1583 virgo,

229 1591 373 1634 Frange
391 1602 503 1625 manu
522 1591 639 1624 telum
660 1591 811 1635 Phrygii
829 1592 1024 1635 praedonis,
1046 1594 1083 1625 et
1102 1591 1222 1635 ipsum

229 1643 394 1677 Pronum
413 1646 534 1677 sterne
554 1643 642 1686 solo,
664 1644 851 1688 portisque
871 1644 1016 1678 effunde
1035 1644 1103 1677 sub
1122 1641 1245 1678 altis.”

284 1696 453 1740 Cingitur
471 1696 547 1740 ipse
567 1696 692 1729 furens
711 1696 878 1729 certatim
897 1697 934 1730 in
954 1697 1080 1741 praelia
1098 1696 1244 1730 Turnus
1263 1707 1271 1730 ι

229 1748 391 1792 Jamque
410 1749 512 1791 adeo,
535 1748 722 1782 Rutulum
742 1749 891 1783 thoraca
909 1749 1075 1791 indutus,
1097 1749 1198 1782 aenis

230 1801 417 1835 Horrebat
437 1801 598 1845 squamis
619 1814 627 1842 3
656 1812 830 1845 surasque
850 1802 1047 1836 incluserat
1066 1812 1167 1844 auro,

230 1854 409 1898 Tempora
428 1854 550 1888 nudus
568 1854 688 1887 adhuc
707 1866 716 1895 3
744 1853 923 1899 laterique
941 1853 1146 1889 accinxerat
1165 1863 1288 1887 ensem
1308 1865 1317 1895 ;

230 1906 486 1951 Fulgebatque
506 1906 584 1940 alta
602 1906 796 1940 decurrens
814 1918 946 1941 aureus
964 1918 1044 1941 arce
1061 1916 1072 1948 3

230 1959 477 2004 Exsultatque
495 1958 636 2001 animis,
660 1961 699 1993 et
717 1970 780 2003 spe
794 1958 873 2004 jam
891 1958 1057 2004 praecipit
1074 1956 1217 1993 hostem

232 2010 359 2052 Qualis
378 2012 444 2046 ubi
461 2011 630 2056 abruptis
647 2010 744 2056 fugit
763 2013 940 2057 praescpia
957 2010 1086 2046 vinclis

231 2063 393 2099 Tandem
413 2064 507 2099 liber
525 2074 655 2108 equus,
678 2072 879 2109 campoque
897 2063 1038 2110 potitus
1056 2062 1194 2108 aperte,

231 2118 313 2151 Aut
330 2116 392 2151 ille
410 2114 450 2151 in
468 2117 596 2162 pastus
614 2118 854 2161 armentaque
872 2116 996 2152 tendit
1013 2124 1201 2162 equarum,

230 2169 312 2205 Aut
329 2171 495 2203 assuetus
513 2180 620 2213 aquae
639 2169 812 2214 perfundi
830 2168 981 2204 flumine
998 2171 1101 2212 noto,

231 2221 388 2265 Emicat,
410 2219 631 2265 arrectisque
649 2221 773 2255 fremit
791 2220 989 2256 corvicibus
1007 2220 1082 2256 alte

232 2273 441 2308 Luxurians
461 2285 469 2315 ;
497 2273 707 2318 luduntque
722 2273 824 2318 jubae
842 2285 907 2319 per
924 2274 1028 2318 colla,
1049 2285 1114 2318 per
1132 2284 1251 2307 armos

234 2327 352 2362 Obvia
369 2327 441 2370 cui,
464 2326 681 2360 Volscorum
699 2327 775 2361 acie
794 2327 1004 2371 comitante,
1026 2326 1179 2361 Camilla

1405 850 1447 875 ⁴5⁰

1406 1113 1448 1137 ⁴75

1406 1376 1449 1398 480

1408 1639 1449 1660 485

1408 1902 1450 1925 49)

1409 2162 1450 2184 495

1541 1682 1559 1711 Γ]
1554 1647 1559 1666 .-

1551 1874 1556 1879 ,
1536 1787 1559 1845 25»..-
