1559 2584
89 70 140 108 13

566 78 753 107 VIRGILII
783 77 939 105 AENEIS.

190 167 320 201 Effera.
380 166 559 200 Ductores
577 166 697 210 primi,
720 165 922 209 Messapus,
945 166 982 198 et
1001 163 1128 207 Ufens,

191 220 502 264 Contemptorque
521 219 642 252 Deum
662 218 881 261 Mezentius,
897 217 1062 261 undique
1081 219 1216 262 cogunt

192 272 354 315 Auxilia,
374 275 412 306 et
430 273 524 305 latos
543 274 690 305 vastant
709 271 908 305 cultoribus
926 282 1038 314 agros.

191 325 359 360 Mittitur
372 328 409 359 et
427 323 552 368 magni
569 324 736 358 Venulus
755 323 943 357 Diomedis
961 323 1008 357 ad
1026 323 1166 365 urbem,

193 378 266 419 Qui
284 380 386 422 petat
400 377 580 412 auxilium
600 390 608 418 3
636 379 686 420 et,
709 376 814 410 Latio
834 376 1028 410 consistere
1047 376 1214 419 Teucros,

192 431 401 465 Advectum
420 431 566 464 AEnean
585 430 701 473 classi,
722 430 910 473 victosque
929 429 1085 462 Penates

193 484 345 527 Inferre,
368 486 405 518 et
423 483 508 518 fatis
526 495 648 527 regem
667 495 704 517 se
724 483 841 516 dicere
860 481 969 526 posci,

192 537 353 571 Edoceat
371 550 379 577 ;
407 537 615 580 multasque
634 536 712 569 viro
732 547 769 569 se
788 535 988 579 adjungere
1007 536 1133 578 gentes

192 590 390 633 Dardanio,
408 592 444 623 et
463 590 535 623 late
555 589 661 622 Latio
680 588 940 622 increbiescere
958 599 1112 621 nomen:

194 643 292 684 Quid
311 645 428 676 struat
446 643 504 676 his
523 642 679 686 coeptis3
708 653 827 686 quem,
851 641 881 674 si
900 641 1049 674 fortuna
1067 641 1254 684 sequatur,

193 696 378 730 Eventum
397 707 530 740 pugnae
545 695 694 739 cupiat,
723 693 980 728 manifestius
970 693 1052 737 ipsi,

195 749 314 790 Quam
334 749 456 782 Turno
475 748 562 792 regi,
585 751 649 782 aut
668 748 743 792 regi
761 758 933 791 apparere
953 746 1094 779 Latino.

247 802 347 836 Talia
365 814 428 846 per
447 802 595 835 Latium
612 814 619 835 τ
649 812 732 845 quae
751 799 1035 834 Laomedontius
1054 799 1159 832 heros

195 854 336 889 Cuncta
355 855 492 897 videns,
516 865 647 898 magno
667 865 835 887 curarum
853 853 1008 886 fluctuat
1027 855 1119 886 aestu
1141 865 1148 892 ;

195 908 319 953 Atque
339 908 503 942 animum
521 919 621 941 nunc
639 907 711 940 huc
730 907 893 948 celerem,
916 917 1014 939 nunc
1033 905 1168 938 dividit
1187 904 1286 949 illuc,

195 960 243 994 In
260 963 454 1005 partesque
472 961 568 1004 rapit
587 960 716 1002 varias,
738 970 873 1003 perque
893 958 1014 992 omnia
1033 961 1152 992 versat
1173 970 1180 993 :

197 1013 300 1048 Sicut
318 1025 422 1058 aquae
440 1013 640 1047 tremulum
658 1012 768 1046 labris
787 1012 851 1046 ubi
869 1012 994 1045 lumen
1013 1011 1124 1053 aenis,

198 1067 280 1101 Sole
299 1078 561 1110 repercussum,
583 1068 648 1099 aut
667 1065 843 1098 radiantis
861 1064 1019 1108 imagine
1038 1064 1148 1106 lunae,

197 1120 330 1153 Omnia
348 1120 544 1163 pervolitat
562 1119 636 1152 late
654 1118 732 1152 loca
749 1131 756 1160 3
781 1117 932 1161 jamque
951 1117 1019 1150 sub
1038 1128 1143 1150 auras

197 1172 372 1217 Erigitur,
395 1172 600 1216 summique
620 1171 705 1204 ferit
723 1171 908 1214 laquearia
926 1170 1024 1203 tecti.

197 1225 285 1259 Nox
304 1228 394 1269 erat,
418 1230 455 1259 et
474 1228 589 1258 terras
608 1224 778 1258 animalia
798 1224 891 1257 fessa
909 1234 973 1267 per
992 1234 1116 1256 omnes

196 1278 367 1312 Alituum
386 1279 640 1322 pecudumque
659 1288 774 1321 genus
793 1288 899 1321 sopor
917 1276 1014 1310 altus
1032 1275 1192 1309 habebat
1211 1286 1221 1311 z

200 1331 323 1372 Quum
342 1334 445 1375 pater
463 1331 501 1364 iu
520 1331 611 1375 ripa,
632 1330 815 1374 gelidique
835 1330 902 1363 sub
922 1328 1068 1363 aetheris
1087 1340 1168 1373 axe,

197 1384 347 1427 AEneas,
370 1384 468 1418 tristi
486 1385 656 1418 turbatus
675 1386 822 1427 pectora
840 1383 946 1425 bello,

197 1437 412 1481 Procubuit,
427 1449 616 1481 seramque
636 1437 737 1470 dedit
756 1448 820 1480 per
839 1436 1001 1469 membra
1020 1434 1190 1479 quietem.

198 1491 298 1524 Huic
316 1491 415 1524 Deus
434 1491 510 1534 ipse
529 1491 610 1533 1001,
629 1490 742 1523 fluvio
762 1489 953 1522 T,be1-inus
971 1500 1128 1531 amoeno,

197 1543 378 1587 Populeas
396 1543 493 1576 inter
512 1543 631 1576 senior
649 1554 686 1576 se
705 1543 872 1576 attollere
891 1541 1038 1575 frondes

197 1595 309 1629 Visus
328 1609 334 1630 :
364 1608 447 1630 eum
466 1596 588 1629 tenuis
605 1596 732 1640 glauco
752 1595 896 1629 velabat
915 1594 1051 1627 amictu

198 1649 388 1692 Carbasus,
411 1651 447 1682 et
467 1649 582 1682 crines
601 1649 772 1682 umbrosa
790 1648 936 1691 tegebat
955 1646 1104 1681 aiundo.

197 1702 291 1736 Tum
311 1702 360 1735 sic
379 1702 492 1745 affaii,
511 1705 548 1736 et
567 1713 670 1736 curas
688 1701 744 1734 his
764 1701 907 1734 demere
927 1700 1034 1734 dictis
1056 1713 1061 1733 :

201 1757 226 1773 “
243 1755 273 1788 O
293 1758 370 1788 sate
388 1758 496 1798 gente
515 1755 648 1797 Deum,
672 1754 866 1797 Trojanam
886 1765 931 1787 ex
950 1753 1117 1786 hostibus
1136 1738 1264 1786 urbeni

199 1807 271 1848 Qui
290 1808 431 1841 revehis
450 1808 566 1850 nobis,
588 1811 711 1841 aetern·
705 1819 797 1851 tque
813 1807 990 1850 Peigama
1009 1817 1139 1849 senas,

198 1860 419 1905 Exspectate
435 1861 512 1894 solo
533 1861 709 1894 Laurenti
729 1860 897 1904 arvisque
918 1859 1070 1901 Latinis,

198 1913 271 1948 Hic
291 1914 359 1948 tibi
380 1916 477 1948 certa
497 1914 647 1955 domus3
677 1913 777 1955 certi,
796 1924 841 1946 ne
860 1912 1007 1955 absiste,
1030 1912 1187 1945 Penates
1206 1924 1214 1953 3

197 1967 283 2000 Neu
302 1967 389 2000 belli
407 1970 541 2000 terrere
560 1967 668 2000 minis
686 1979 692 2000 :
722 1968 845 1999 tumor
864 1965 981 1999 omnis
1000 1967 1036 1998 et
1055 1965 1119 1998 irae

198 2020 411 2054 Concessere
425 2020 555 2054 Deum.

196 2073 356 2117 Jamque
375 2073 456 2116 tibi,
477 2085 524 2106 ne
538 2085 633 2107 vana
651 2074 758 2116 putes
777 2072 854 2105 haec
874 2071 1008 2115 fingere
1028 2082 1211 2115 somnum,

197 2126 371 2160 Littoreis
391 2126 519 2170 ingens
537 2126 690 2160 inventa
710 2125 777 2158 sub
797 2125 939 2158 ilicibus
957 2135 1031 2167 sus,

198 2178 362 2223 Triginta
381 2179 540 2222 capitum
559 2180 672 2213 foetus
691 2179 810 2221 enixa,
828 2177 966 2222 jacebit
986 2190 994 2218 ;

196 2232 304 2274 Alba,
327 2232 403 2265 solo
422 2232 609 2276 recubans,
633 2232 707 2266 albi
726 2232 861 2265 circum
880 2230 992 2264 ubera
1010 2229 1097 2264 nati.

199 2284 272 2318 Hic
290 2285 390 2319 loeus
409 2285 511 2318 urbis
529 2285 611 2328 erit,
633 2284 775 2329 requies
794 2296 836 2318 ea
855 2286 952 2318 certa
971 2283 1156 2318 laborum:

197 2337 255 2371 Ex
275 2349 348 2382 quo
367 2340 424 2372 ter
443 2337 546 2372 denis
565 2338 693 2372 urbem
712 2337 949 2372 redeuntibus
968 2336 1073 2370 annis

1381 373 1406 393 10

1382 637 1406 657 15

1383 1167 1410 1188 25

1385 1432 1413 1452 30

1388 1963 1415 1983 ⁴0

1387 2227 1415 2247 ⁴⁵
