1559 2584
571 90 614 117 vl
620 90 757 117 nonin
787 90 825 116 AE
832 88 942 117 NEJS.

211 178 330 212 Gente
349 178 416 211 sub
437 176 621 211 Hectorea
641 190 648 218 ;
677 177 792 210 donee
810 176 935 220 regina
954 177 1131 221 sacerdos,

210 232 333 265 Marte
353 231 483 275 gravis,
505 230 688 274 geminam
707 232 817 273 partu
836 230 940 263 dabit
959 229 1028 264 Ilia
1047 231 1195 274 prolem.

210 285 304 318 Inde
322 284 419 327 lupae
438 284 541 316 fulvo
561 282 714 316 nutricis
732 282 893 326 tegmine
911 282 1019 316 laetus

211 337 393 371 Romulus
413 336 568 379 excipiet
588 338 748 379 gentem,
765 338 802 369 et
822 335 1008 369 Mavortia
1027 336 1160 370 condet

213 390 366 433 llIoenia,
390 389 647 433 Romanosque
666 400 731 422 suo
751 389 796 421 de
816 388 963 422 nomine
983 389 1088 423 dicet.

215 443 289 477 His
309 454 374 486 ego
394 454 460 476 nec
479 445 595 476 metas
614 453 746 485 rerum,
770 453 836 475 nec
856 444 1020 485 tempora
1037 454 1134 486 pono
1151 455 1159 478 ε

213 496 415 540 Imperium
435 495 512 529 sine
531 495 603 528 fine
623 495 717 528 dedi.
779 494 877 536 Quin
896 506 1022 539 aspera
1041 495 1067 529 J
1069 507 1156 538 uno,

213 549 303 590 Quae
322 560 420 582 mare
440 560 538 582 nunc
557 551 745 592 terrasque
764 550 866 581 metu
886 548 1092 592 coelumque
1110 549 1255 593 fatigat,

213 602 372 636 Consilia
390 602 428 635 in
448 602 579 635 melius
598 601 743 644 referet,
766 612 983 645 mecumque
1001 601 1141 635 fovebit

211 656 396 689 Romanos
409 667 531 688 rerum
547 655 713 688 dominos
731 657 951 698 gentemque
970 657 1143 698 togatam.

213 710 271 742 Sic
288 709 474 753 placitum.
537 707 672 741 Veniet
691 708 816 741 lustris
834 707 1043 741 labentibus
1063 711 1164 751 aetem,

211 762 334 803 Quum
354 762 484 795 domus
503 761 671 794 Assaraci
690 760 863 794 Phthiam
884 761 1070 805 clarasque
1090 761 1266 805 Mycenas

214 815 370 849 Servitio
389 817 543 859 premet,
566 826 607 848 ac
626 815 731 848 victis
751 813 999 847 dominabitur
1018 815 1135 858 Argis.

213 869 396 902 Nascetur
415 867 568 912 pulchra
587 867 766 911 Trojanus
787 867 924 910 origine
945 867 1075 910 Caesar,

212 922 414 966 Imperium
434 921 589 964 Oceano,
611 921 745 954 famam
766 920 829 964 qui
847 920 1020 953 terminet
1037 920 1156 964 astris,

214 976 352 1017 Julius,
375 986 396 1008 a
415 985 546 1018 magno
566 974 757 1006 dimissum
776 984 907 1006 nomen
928 973 1021 1007 Iulo.

212 1028 325 1062 Hunc
342 1030 387 1061 tu
405 1027 493 1061 olim
512 1027 614 1069 coelo,
637 1026 760 1070 spoliis
781 1025 940 1059 Orientis
959 1028 1145 1071 onustum,

211 1081 377 1125 Accipies
396 1091 521 1114 secura
541 1093 547 1114 :
578 1079 769 1113 vocabitur
787 1079 846 1112 liic
866 1090 1012 1123 quoque
1031 1079 1136 1114 votis.

212 1137 351 1178 Aspera
370 1136 452 1167 tum
470 1133 598 1177 positis
616 1133 807 1166 mitescent
826 1133 957 1165 saeoula
977 1132 1080 1166 bellis
1098 1145 1104 1167 :

213 1188 312 1222 Cana
331 1187 441 1220 Fides
460 1190 497 1220 et
517 1186 644 1229 Vesta,
667 1186 783 1220 Remo
803 1197 887 1219 cum
905 1186 1017 1219 fratre
1038 1185 1224 1229 Quirinus,

211 1242 306 1275 Jura
325 1240 467 1274 dabunt
485 1252 491 1274 :
521 1239 611 1273 dirae
629 1240 724 1273 ferro
743 1241 779 1272 et
801 1239 1033 1282 compagibus
1052 1239 1160 1273 arctis·

213 1294 442 1328 Claudentur
460 1293 556 1326 Belli
573 1295 688 1337 poitae
709 1305 715 1327 :
745 1292 862 1326 Furor
880 1292 1014 1336 impius
1032 1292 1145 1336 intus,

214 1348 318 1382 Saeva
337 1347 465 1381 sedens
485 1358 594 1390 super
612 1357 723 1389 arma,
747 1348 783 1379 et
804 1348 953 1378 centum
972 1346 1117 1379 vinctus
1138 1345 1238 1380 aenis

213 1402 303 1435 Post
322 1405 467 1444 tergum
486 1400 603 1444 nodis,
627 1400 757 1432 fremet
776 1398 946 1432 horridus
966 1410 1026 1432 ore
1046 1399 1235 1433 cruento.’'

268 1455 359 1487 Haec
378 1454 430 1487 ait
449 1466 455 1488 :
485 1456 522 1487 et
543 1453 643 1486 Maia
662 1453 828 1496 genitum
847 1452 1010 1485 demittit
1029 1452 1074 1485 ab
1095 1453 1182 1495 alto,

213 1508 266 1542 Ut
286 1510 403 1550 terrae,
426 1509 543 1551 utque
562 1517 667 1540 novae
686 1508 837 1549 pateant
858 1505 1090 1550 Carthaginis
1109 1517 1208 1539 arces

214 1561 386 1605 Hospitio
406 1560 562 1603 Teucris,
586 1571 633 1593 ne
652 1559 720 1593 fati
740 1559 859 1592 nescia
876 1558 972 1592 Dido

214 1615 369 1649 Finibus
389 1615 535 1647 arceret.
598 1612 711 1646 Volat
731 1612 791 1645 ille
811 1624 875 1656 per
894 1615 975 1645 aera
994 1623 1167 1656 magnum

215 1668 382 1712 Remigio
401 1667 554 1710 alarum,
572 1677 614 1700 ac
634 1665 759 1710 Libyze
779 1666 873 1699 citus
892 1665 1011 1698 astitit
1031 1666 1102 1699 oris
1123 1677 1131 1699 :

213 1722 263 1755 Et
277 1721 357 1765 jam
372 1721 475 1764 jussa
494 1720 581 1754 facit
599 1733 607 1761 ;
636 1722 852 1763 ponuntque
871 1718 1004 1752 ferocia
1023 1718 1131 1752 Poeni

213 1775 343 1817 Corda,
365 1774 510 1808 volente
530 1773 618 1807 Deo.
679 1772 724 1805 111
744 1772 870 1816 primis
888 1771 1012 1815 regina
1031 1772 1197 1815 quietum

213 1827 358 1872 Accipit
377 1827 415 1860 in
435 1827 590 1860 Teucros
609 1825 772 1859 animum
792 1828 1026 1868 mentemque
1044 1824 1248 1868 benignam.

266 1883 318 1915 At
336 1881 418 1925 pius
437 1880 576 1913 AEneas
595 1891 658 1924 per
676 1882 822 1912 noctem
841 1878 998 1922 plurima
1016 1878 1179 1921 volvens,

213 1935 267 1968 Ut
286 1934 445 1978 primum
464 1933 530 1967 lux
548 1933 643 1966 alma
662 1932 749 1965 slata
763 1934 831 1975 est,
854 1931 964 1975 exire,
986 1931 1156 1975 locosque

213 1988 415 2032 Explorare
434 1998 548 2020 novos
569 1999 577 2028 ;
607 1997 696 2030 quas
716 1987 827 2018 vento
847 1984 1035 2018 accesserit
1054 1996 1149 2027 oras,

214 2041 287 2082 Qui
304 2043 454 2074 teneant
476 2040 575 2085 (nam
595 2039 734 2072 inculta
754 2037 869 2083 videt)
889 2038 1101 2071 hominesne
1119 2038 1265 2081 feraene,

213 2094 383 2135 Quaerere
404 2093 609 2135 constituit,
632 2092 809 2135 sociisque
829 2094 957 2125 exacta
976 2091 1118 2125 referre.

214 2147 375 2181 Classem
394 2146 433 2179 in
453 2158 614 2180 convexo
634 2156 837 2187 nemorum,
860 2144 928 2178 sub
947 2156 1036 2188 rupe
1057 2145 1198 2187 cavata,

213 2200 416 2234 Arboribus
436 2200 594 2233 clausam
611 2199 746 2232 circum
766 2200 876 2241 atque
897 2197 1129 2230 horrentibus
1148 2195 1299 2241 umbris,

213 2253 356 2287 Occulit
375 2266 382 2294 ;
411 2253 487 2296 ipse
508 2264 581 2286 uno
600 2252 766 2296 graditur
785 2250 979 2285 comitatus
998 2250 1152 2293 Achate,

213 2306 308 2340 Bina
327 2317 439 2339 manu
458 2305 534 2339 lato
554 2306 712 2349 crispans
731 2303 878 2338 hastilia
896 2303 999 2338 ferro.

214 2358 282 2393 Cui
301 2361 418 2393 mater
435 2358 557 2392 media
576 2369 652 2392 sese
670 2358 758 2392 tulit
778 2357 886 2391 obvia
904 2356 1019 2401 sylva,

1386 547 1428 568 :so

1382 812 1425 833 285

1386 1343 1428 1363 295

1382 1608 1426 1630 300

1383 1875 1424 1895 305

1383 2139 1423 2161 :110
