1528 2569
647 97 781 124 mmm
809 96 848 124 v.
1352 85 1402 121 79

196 184 233 219 N
237 188 249 219 i
267 186 418 218 teneant
435 197 444 226 ;
471 184 658 229 vitamque
676 185 808 219 volunt
824 196 890 228 pro
908 184 1015 218 laude
1035 183 1165 227 pacisci
1182 196 1189 218 :

197 238 277 272 Hos
291 249 474 272 successus
493 238 558 271 alit
578 251 585 279 ;
614 242 777 282 possunt,
803 238 888 282 quia
907 249 1010 281 posse
1030 237 1204 271 videntur
1223 249 1230 271 :

198 291 247 324 Et
268 291 341 324 fors
360 291 515 334 aequatis
530 291 707 335 cepissent
726 291 873 335 praemia
891 290 1017 324 rostris
1033 304 1042 331 3

198 344 234 378 N
239 347 251 377 i
269 344 407 388 palmas
426 347 539 388 ponto
558 345 713 377 tendens
732 348 907 387 utrasque
926 343 1126 377 Cloanthus

197 397 440 440 Fudissetque
458 408 592 441 preces,
615 397 801 440 Divosque
819 397 858 430 in
879 399 964 430 vota
982 398 1144 430 vocasset
1165 407 1174 430 :

203 452 229 468 ‘⁶
241 450 301 493 Di,
325 450 459 493 quibus
477 450 670 494 imperium
683 453 738 484 est
752 450 880 494 pelagi,
896 461 1052 493 quorum
1064 461 1210 493 aequora
1225 460 1339 492 curro,

198 502 313 536 Vobis
331 503 439 536 laetus
458 515 522 547 ego
542 504 609 537 hoc
630 503 845 537 candentem
864 503 903 536 in
922 503 1045 536 littore
1064 505 1212 536 taurum

199 556 429 590 Constituam
449 560 534 589 ante
553 568 632 590 aras
652 557 729 590 voti
746 567 841 599 reus,
863 559 1021 599 extaque
1040 556 1152 589 salsos

198 609 397 643 Porriciam
418 608 454 642 in
477 609 622 652 fluctus,
645 612 682 642 et
701 610 786 642 vina
805 609 984 653 liquentia
1003 608 1194 642 fundam.’'

200 662 306 696 Dixit
325 675 332 696 ε
361 674 516 705 eumque
537 663 618 695 iniis
639 662 706 695 sub
725 662 897 695 fiuctibus
916 661 1033 695 audiit
1052 661 1170 695 omnis

198 715 401 748 Nereidum
421 715 624 759 Phorcique
645 715 784 757 chorus,
808 715 1050 758 Panopeaque
1069 715 1170 758 virgo
1187 727 1196 756 ;

199 767 249 801 Et
268 771 371 811 pater
388 768 464 811 ipse
484 779 595 801 manu
614 769 746 811 magna
765 768 951 800 Portunus
971 770 1119 800 euntem

199 820 354 864 Impulit
373 833 380 855 z
408 821 472 854 illa
491 820 592 853 Noto
613 821 720 854 citius
739 821 951 864 volucrique
971 820 1105 864 sagitta

199 873 259 907 Ad
278 877 411 907 terram
430 873 537 917 fugit,
560 876 596 906 et
615 877 724 917 portu
744 885 780 907 se
800 873 964 907 condidit
982 874 1066 907 alto.

183 923 238 963 (β’
252 927 346 960 Tum
365 930 465 960 satus
483 926 655 970 Anchisa,
678 926 818 960 cunctis
837 939 882 960 ex
900 938 998 960 more
1017 926 1165 970 vocatis,

198 979 386 1013 Victorem
405 982 537 1024 magna
554 980 730 1024 praeconis
748 991 836 1013 voce
855 979 1077 1014 Cloanthum
1370 976 1412 997 ²⁴⁵

199 1032 289 1066 Decl
302 1036 381 1076 wat,
403 1033 584 1077 viridique
604 1033 750 1067 advelat
768 1040 933 1077 tempora
951 1033 1054 1067 lauro
1071 1046 1078 1068 :

201 1086 430 1130 Muneraque
449 1086 487 1119 in
506 1098 618 1120 naves
636 1089 759 1120 ternos
779 1090 902 1130 optare
918 1086 1110 1130 juvencos,

200 1138 380 1183 Vinaque,
405 1142 442 1172 et
461 1137 602 1183 argenti
620 1151 793 1183 magnum
808 1139 872 1173 dat
891 1139 983 1172 ferre
1002 1140 1194 1173 talentum.

200 1192 295 1236 Ipsis
313 1192 513 1236 praecipuos
533 1192 746 1225 ductoribus
765 1192 869 1226 addit
884 1192 1039 1226 honores
1056 1205 1064 1227 ε

202 1245 345 1279 Victori
364 1246 591 1290 chlamydem
611 1249 788 1289 auratam,
811 1257 921 1289 quam
939 1245 1095 1289 plurima
1114 1245 1249 1279 circum
1371 1243 1412 1263 ²⁵²⁰

201 1298 370 1342 Purpura
389 1299 580 1332 Maeandro
599 1299 736 1342 duplici
755 1299 930 1333 Meliboea
948 1298 1106 1333 cucurrit
1124 1311 1134 1341 3

201 1350 446 1395 Intextusque
465 1364 555 1396 puer
572 1352 744 1386 frondosa
762 1352 881 1396 regius
900 1352 969 1386 Ida

202 1404 354 1438 Veloces
369 1405 492 1448 jaculo
512 1417 634 1439 cervos
654 1417 834 1449 cursuque
853 1405 996 1450 fatigat,
1051 1451 1053 1453 ι

203 1458 308 1501 Acer,
331 1458 518 1492 anhelanti
536 1458 662 1492 similis
680 1472 687 1500 3
716 1470 825 1502 quem
843 1470 982 1502 przepes
1000 1459 1046 1493 ab
1066 1459 1134 1493 Ida

201 1510 400 1544 Sublimem
420 1511 573 1554 pedibus
592 1512 713 1555 rapuit
731 1511 758 1545 J
760 1511 837 1545 ovis
856 1512 1011 1556 armiger
1028 1512 1132 1546 uncis
1149 1524 1157 1547 ε
1372 1510 1413 1530 ²⁵³¹

200 1563 373 1608 Longzevi
391 1565 528 1608 palmas
548 1565 791 1609 nequicquam
810 1565 853 1598 ad
875 1565 993 1599 sidera
1011 1565 1172 1599 tendunt

201 1617 377 1651 Custodes
398 1631 405 1659 ;
434 1618 611 1662 saevitque
631 1629 762 1651 canum
781 1618 936 1652 latratus
955 1619 993 1652 in
1012 1630 1128 1653 auras.

199 1671 263 1713 At,
286 1671 351 1714 qui
369 1670 501 1704 deinde
520 1671 639 1704 locum
658 1672 780 1705 tenuit
798 1672 936 1705 virtute
955 1672 1168 1716 secundum,

200 1722 359 1757 Levibus
376 1724 462 1757 huic
481 1724 597 1757 hamis
616 1728 818 1758 consertam
838 1736 998 1768 auroque
1017 1725 1172 1759 trilicem

200 1775 377 1819 Loricam,
400 1789 510 1820 quam
529 1778 703 1811 Demoleo
722 1778 929 1811 detraxerat
947 1778 1024 1821 ipse
1059 1775 1112 1812 *ss
1372 1775 1414 1795 ’²⁶⁰

200 1828 330 1863 Victor
349 1830 448 1874 apud
467 1830 635 1874 rapidum
655 1831 841 1864 Simoenta
860 1831 927 1864 sub
947 1831 1017 1864 Ilio
1036 1831 1123 1874 alto,

199 1882 325 1916 Donat
343 1883 474 1916 habere
495 1883 583 1925 viro,
608 1883 717 1916 decus
737 1887 773 1916 et
793 1886 961 1917 tutamen
980 1884 1018 1917 in
1037 1884 1155 1918 armis.

200 1935 277 1968 Vix
296 1935 397 1969 illam
416 1936 545 1970 famuli
565 1936 730 1980 Phegeus
744 1936 958 1980 Sagarisque
977 1937 1144 1970 ferebant

199 1988 457 2033 Multiplicem,
479 1989 628 2023 connixi
645 1989 806 2023 humeris
825 2003 834 2032 ;
861 1989 1015 2023 indutus
1033 1993 1072 2024 at
1090 1989 1177 2023 olim

197 2041 393 2075 Demoleus
413 2054 520 2076 cursu
538 2043 702 2086 palantes
722 2043 831 2076 Troas
850 2043 988 2086 agebat.
1372 2040 1413 2061 ‘²⁶³

200 2094 322 2128 Tertia
341 2095 437 2129 dona
456 2096 543 2129 facit
561 2096 723 2140 geminos
743 2107 788 2129 ex
806 2107 876 2129 aere
895 2096 1041 2139 lebetas,

200 2147 424 2192 Cymbiaque
444 2152 594 2193 argento
613 2149 784 2192 perfecta,
806 2152 917 2193 atque
936 2160 1062 2193 aspera
1080 2148 1200 2193 signis.

156 2186 195 2234 s
198 2200 224 2234 J
227 2212 357 2244 amque
377 2202 467 2236 adeo
486 2202 613 2236 donati
632 2214 768 2245 omnes,
791 2202 993 2246 opibusque
1012 2201 1168 2246 superbi,

200 2253 370 2288 Puniceis
389 2255 492 2289 ibant
512 2255 647 2289 evincti
666 2259 829 2298 tempora
848 2255 968 2288 taeniis
987 2268 996 2296 ;

200 2305 322 2346 Quum
342 2319 438 2341 saevo
457 2320 477 2342 e
496 2309 643 2352 scopulo
662 2309 781 2342 inulta
797 2309 859 2342 Vix
878 2311 955 2342 arte
974 2308 1150 2351 revulsus,
1371 2304 1413 2328 ²⁷⁰

199 2359 351 2394 Amissis
369 2361 490 2406 remis‚
511 2364 623 2406 atque
642 2362 769 2395 ordine
788 2361 916 2395 debilis
935 2373 1022 2405 uno,

1365 448 1376 466 ‘2
1381 446 1407 466 ³5)

1369 711 1411 730 240
