1528 2569
669 96 801 126 LIBER
830 96 871 126 X.

224 184 433 230 Strymonio
452 184 620 219 dextram
639 186 795 230 fulgenti
814 185 941 230 diripit
959 197 1056 229 ense,

224 239 368 273 Elatam
386 239 424 272 in
440 238 612 282 jugulum
632 252 640 280 ;
668 250 756 273 saxo
774 239 858 272 ferit
877 250 939 273 ora
957 238 1144 281 Thoantis,

226 291 385 335 Ossaque
404 290 577 334 dispergit
596 291 740 325 cerebro
758 292 938 335 permixta
956 294 1114 325 cruento.

224 344 318 378 Fata
335 355 466 377 canens
485 343 596 387 sylvis
614 344 756 387 genitor
774 345 907 378 celarat
926 343 1104 378 Halesum
1121 356 1130 385 ς

225 395 278 430 Ut
297 397 415 430 senior
433 396 506 430 leto
526 397 693 430 canentia
711 393 850 430 lumina
868 397 991 440 solvit,

225 448 386 493 InJecere
405 460 554 482 manum
573 449 709 492 Parcae,
733 449 887 493 telisque
907 452 1095 483 sacrarunt

226 501 390 535 Evandri
408 515 415 542 ;
445 512 553 545 quem
572 501 622 535 sic
642 501 762 535 Pallas
781 502 874 546 petit
892 505 977 537 ante
996 504 1163 546 precatus
1183 514 1191 537 z

233 555 256 572 “
268 554 326 588 Da
345 565 454 596 nunc,
477 554 588 597 Tybri
606 557 720 598 pater,
743 555 851 597 ferro,
874 555 972 599 quod
992 555 1126 588 missile
1146 554 1251 597 libro,

226 606 428 640 Fortunam
447 610 558 650 atque
578 607 676 640 viam
695 607 787 641 dura
806 619 869 651 per
887 610 1014 651 pectus
1034 607 1163 640 Halesi
1183 620 1189 641 :

227 658 318 692 Haec
337 671 436 693 arina
455 660 676 703 exuviasque
695 659 764 693 viri
782 662 847 694 tua
866 671 1019 704 quercus
1037 659 1225 694 habebit.''

226 711 358 745 Audiit
376 712 438 745 illa
457 712 556 745 Deus
577 724 584 746 :
613 712 700 745 dum
720 713 814 746 texit
833 713 988 746 Imaona
1008 712 1179 755 Halesus,

226 764 382 798 Arcadio
400 764 528 797 infelix
547 765 620 798 telo
639 765 703 798 dat
722 767 848 808 pectus
866 765 1056 798 inermum.

227 817 278 850 At
297 828 371 850 non
391 811 487 850 caede
507 817 576 850 viri
594 820 700 850 tanta
718 817 911 861 perterrita
930 817 1083 859 Lausus,

226 869 316 902 Pars
334 869 462 913 ingens
481 869 578 912 belli,
601 870 688 902 sinit
706 870 852 913 agmina
869 882 876 904 :
904 870 1042 913 primus
1062 869 1244 903 Abantem

226 921 442 966 Oppositum
459 921 650 964 interimit,
671 934 802 966 pugnae
820 922 1030 966 nodumque
1048 934 1267 967 moramque.

226 975 410 1008 Sternitur
427 975 594 1008 Arcadiae
613 975 741 1018 proles,
763 978 979 1009 sternuntur
997 975 1142 1009 Etrusci
1158 988 1167 1016 ;

226 1027 275 1060 Et
293 1039 370 1071 vos,
392 1039 413 1061 o
433 1027 551 1061 Graiis
568 1027 762 1072 imperdita
780 1039 940 1072 corpora,
963 1028 1100 1062 Teucri.

227 1080 384 1123 Agmina
402 1083 635 1122 concurrunt,
657 1081 881 1124 ducibusque
900 1083 937 1114 et
956 1081 1094 1114 viribus
1115 1078 1230 1124 {equis
1250 1093 1258 1121 ;

228 1132 393 1166 Extremi
412 1133 616 1166 addensent
635 1134 750 1172 acies;
778 1145 844 1167 nec
863 1133 971 1167 turba
989 1133 1128 1166 moveri

228 1185 314 1219 Tela
331 1197 532 1229 manusque
551 1186 638 1219 sinit
657 1198 664 1220 :
694 1186 778 1219 hinc
800 1186 920 1219 Pallas
939 1186 1053 1219 instat
1073 1189 1108 1219 et
1128 1188 1233 1229 urget
1250 1199 1258 1227 ;

229 1238 328 1271 Hinc
348 1242 474 1271 contra
494 1238 632 1272 Lausus
650 1252 657 1279 3
686 1250 752 1272 nec
771 1239 929 1272 multum
948 1239 1128 1282 discrepat
1147 1242 1235 1272 aetas
1253 1251 1261 1279 ;

230 1291 374 1335 Egregii
393 1292 510 1324 forma
529 1305 536 1332 3
566 1292 629 1325 sed
649 1292 750 1335 queis
769 1292 918 1325 fortuna
935 1293 1086 1335 negarat

229 1344 275 1377 In
293 1343 448 1387 patriam
468 1344 615 1378 reditus.
676 1344 779 1388 Ipsos
799 1355 1008 1378 concurrere
1029 1344 1148 1377 Lauso

229 1396 342 1430 Haud
361 1399 483 1430 tamen
503 1395 601 1430 inter
620 1408 656 1430 se
675 1397 798 1440 magni
817 1400 985 1440 regnator
1003 1396 1149 1440 Olympi
1168 1409 1174 1430 :

228 1449 320 1482 Mox
337 1449 418 1482 illos
437 1460 502 1482 sua
520 1449 596 1482 fata
614 1453 763 1482 manent
781 1450 916 1493 majore
934 1450 1002 1483 sub
1020 1449 1133 1484 hoste.

282 1501 427 1535 Interea
445 1513 545 1535 soror
563 1502 658 1535 alma
676 1505 800 1535 monet
819 1514 1024 1535 succurrere
1045 1502 1163 1535 Lauso

229 1554 404 1597 Turnum,
427 1555 490 1598 qui
508 1554 646 1588 volucri
665 1566 772 1588 curru
790 1555 950 1588 medium
971 1558 1066 1588 secat
1085 1567 1223 1599 agmen.

229 1606 282 1640 Ut
302 1606 395 1640 vidit
416 1607 529 1640 socios
550 1620 556 1641 :
589 1609 613 1625 ‘⁴
631 1608 786 1651 Tempus
805 1608 977 1641 desistere
997 1619 1127 1651 pugnae
1145 1620 1152 1642 :

231 1659 334 1693 Solus
354 1671 419 1703 ego
438 1660 475 1692 in
497 1660 666 1694 Pallanta
684 1661 780 1694 feror
797 1674 804 1702 ;
834 1661 900 1694 soli
918 1661 1007 1694 mihi
1028 1661 1149 1694 Pallas

228 1712 391 1746 Debetur
411 1725 417 1746 ε
447 1724 626 1756 cuperem,
649 1711 724 1756 ipse
743 1725 873 1757 parens
892 1716 1072 1757 spectator
1091 1714 1240 1747 adesset.
1251 1712 1269 1728 ’'

229 1764 321 1798 Haec
338 1765 390 1798 ait
408 1778 414 1805 ;
444 1768 480 1798 et
500 1766 586 1798 socii
606 1769 790 1799 cesserunt
809 1778 953 1809 aequore
967 1766 1080 1809 jusso.

227 1817 290 1859 At,
312 1817 495 1851 Rutulum
513 1818 690 1861 abscessu,
708 1818 868 1862 juvenis,
889 1821 969 1852 tum
984 1818 1086 1862 jussa
1105 1818 1258 1862 superba

230 1870 399 1912 Miratus,
422 1873 545 1914 stupet
564 1871 601 1904 in
622 1871 744 1904 Turno
764 1884 772 1911 ;
800 1883 1000 1915 corpusque
1020 1883 1083 1915 per
1101 1872 1229 1915 ingens

229 1922 385 1956 Lumina
405 1923 528 1964 volvit,
554 1924 703 1967 obitque
723 1924 817 1957 truci
836 1924 962 1968 procul
980 1924 1101 1957 onmia
1124 1925 1200 1957 visu
1219 1937 1227 1965 ς

229 1975 375 2009 Talibus
394 1978 431 2008 et
451 1976 557 2009 dictis
577 1980 612 2009 et
634 1979 759 2009 contra
778 1976 867 2010 dicti
886 1977 1034 2020 tyranni
1052 1989 1058 2010 :

233 2029 348 2061 “Aut
369 2028 491 2071 spoliis
511 2041 575 2072 ego
591 2028 669 2072 jam
688 2029 801 2072 raptis
820 2030 997 2063 laudabor
1015 2029 1156 2073 opimis,

229 2081 306 2114 Aut
325 2081 399 2114 leto
418 2081 552 2124 insigni
570 2094 576 2115 ε
607 2082 694 2115 sorti
713 2084 815 2125 pater
833 2094 960 2126 aequus
981 2082 1126 2126 utrique
1146 2084 1200 2116 est
1218 2094 1225 2116 ε

228 2133 327 2167 Tolle
347 2134 472 2168 minas.
481 2134 500 2150 ⁷²
557 2134 670 2168 Fatus
690 2135 850 2168 medium
870 2135 1033 2179 procedit
1051 2136 1090 2168 in
1109 2146 1233 2179 aequor
1251 2146 1258 2169 :

227 2186 396 2230 Fn'gidus
416 2187 618 2221 Arcadibus
638 2187 710 2221 coit
729 2188 767 2220 in
786 2187 985 2231 praecordia
1004 2188 1158 2231 sanguis.

227 2238 386 2273 Desiluit
404 2239 547 2273 Turnus
567 2240 700 2284 bijugis
718 2253 726 2281 ;
754 2240 863 2284 pedes
882 2244 1032 2284 apparat
1051 2241 1103 2274 ire

227 2290 401 2325 Cominus
419 2304 425 2326 :
455 2295 570 2337 utque
589 2293 655 2336 leo,
681 2293 828 2336 specula
845 2305 960 2338 quum
982 2293 1074 2327 vidit
1094 2292 1139 2327 ab
1159 2293 1236 2326 alta

227 2343 329 2377 stare
348 2345 471 2388 procul
490 2345 624 2389 campis
642 2345 880 2379 meditantem
901 2346 1022 2389 praelia
1042 2349 1200 2389 taurum,

1353 89 1430 127 lsss

1391 237 1431 255 ΗΞ,

1392 499 1432 518 ⁴2⁰

1396 761 1431 782 12⁵

1391 1025 1432 1045 4:⁴0

1392 1289 1432 1307 4³5

1394 1552 1433 1571 w)

1394 1815 1432 1835 4⁸5

1392 2081 1432 2099 4:10

1395 2345 1432 2363 1.ἲή
