1528 2569
638 97 814 127 ECLOGA
841 99 883 126 X.

491 255 688 291 ECLOGA
714 256 762 292 X.
769 255 1029 292 -GALLUS.

261 343 483 377 EXTREMUM
501 342 610 386 hunc,
633 342 828 385 Arethusa,
851 342 942 375 mihi
962 341 1117 375 concede
1136 341 1306 376 laborem.

209 395 332 430 Pauca
350 406 430 429 meo
450 394 568 438 Gallo,
592 395 654 429 sed
674 407 756 439 quae
775 395 872 439 legat
890 395 967 438 ipsa
986 395 1145 438 Lycoris,

208 447 378 483 Carmina
396 451 482 482 sunt
502 448 655 482 dicenda
673 461 679 483 :
708 451 815 492 neget
835 448 916 492 quis
934 448 1093 481 carmina
1112 447 1218 482 Gallo
1234 447 1248 484 2

209 501 268 535 Sic
286 501 367 545 tibi,
391 513 506 545 quum
525 502 659 535 fluctus
679 501 924 535 subterlabere
945 501 1106 544 Sicanos,

208 554 315 588 Doris
334 565 456 588 amara
474 566 575 587 suam
594 566 668 588 non
687 554 932 588 intermisceat
950 554 1097 588 undam.

209 607 335 650 Incipe
353 620 360 641 ε
389 607 562 640 sollicitos
582 606 679 640 Galli
698 607 861 641 dicamus
880 618 1031 649 amores,

207 659 309 694 Dum
327 661 453 693 tenera
471 659 667 693 attondent
686 660 787 692 simae
806 660 965 702 virgulta
985 659 1141 703 capellae.

208 711 297 746 Non
317 713 480 746 canimus
499 712 637 746 surdis:
666 711 888 756 respondent
908 712 1028 745 omnia
1046 712 1168 755 sylvae.

263 764 353 805 Quae
371 776 531 807 nemora,
553 768 618 798 aut
638 765 702 809 qui
722 776 784 798 vos
804 765 917 798 saltus
931 765 1101 807 habuere,
1123 765 1254 808 puellae

209 817 248 851 N
250 818 384 861 aiades,
406 817 557 861 indigno
578 830 692 861 quum
712 818 839 851 Gallus
858 829 978 851 amore
997 817 1131 861 periret
1141 818 1152 851 ‘2

207 870 247 904 N
248 882 307 904 am
326 882 444 914 neque
463 871 633 904 Parnassi
651 871 754 904 vobis
767 871 869 915 juga,
891 882 976 904 nam
994 882 1112 914 neque
1131 870 1244 904 Pindi

208 923 295 957 Ulla
312 935 451 957 moram
469 923 598 967 fecere,
620 935 739 967 neque
757 924 875 957 Aonie
894 923 1096 967 Aganippe.

207 976 320 1010 Illum
339 977 448 1010 etiam
467 976 572 1020 lauri,
595 976 705 1010 etiam
724 977 853 1010 flevere
871 977 1017 1020 myricae
1038 989 1047 1017 3

207 1028 349 1063 Pinifer
367 1029 471 1063 illum
492 1029 602 1063 etiam
622 1030 699 1063 sola
718 1029 785 1063 sub
804 1041 894 1073 rupe
909 1029 1095 1073 jacentem

206 1081 402 1125 Maenalus,
424 1085 461 1116 et
479 1083 590 1126 gelidi
608 1083 787 1116 fleverunt
807 1094 894 1116 saxa
908 1082 1039 1126 Lyeaei.

207 1134 315 1169 Stant
334 1137 372 1169 et
390 1146 475 1169 oves
497 1135 651 1170 circum:
681 1135 811 1180 (nostri
829 1147 896 1168 nec
914 1136 1069 1179 poenitet
1087 1134 1167 1169 illas
1176 1147 1189 1178 3

208 1187 247 1221 N
250 1199 289 1221 ec
307 1190 344 1221 te
363 1188 541 1232 poeniteat
560 1188 709 1232 pecoris,
731 1188 855 1222 divine
874 1191 1001 1232 poeta3

206 1240 255 1274 Et
274 1241 451 1274 formosus
471 1252 555 1274 oves
574 1241 620 1275 ad
638 1241 790 1275 fiumina
808 1241 909 1285 pavit
927 1240 1093 1286 Adonis).

206 1293 321 1327 Venit
340 1296 377 1327 et
396 1293 509 1337 upilio
527 1307 535 1335 ;
563 1294 661 1327 tardi
679 1294 809 1327 venere
824 1294 993 1335 bubulci;

206 1345 349 1380 Uvidus
368 1346 520 1380 hiberna
539 1347 640 1380 venit
659 1347 705 1380 de
724 1347 856 1390 glande
875 1347 1071 1380 Menalcas.

205 1398 352 1442 Omnes,
375 1399 483 1432 Unde
503 1410 603 1432 amor
621 1399 701 1442 iste,
723 1402 864 1443 rogant,
887 1399 981 1433 tibi?
1035 1399 1150 1432 Venit
1170 1399 1302 1443 Apollo
1318 1411 1325 1435 :

205 1451 322 1495 Galle,
345 1452 434 1495 quid
453 1452 612 1486 insanis?
638 1452 780 1496 inquit:
808 1455 874 1485 tua
893 1464 979 1485 cura
998 1452 1146 1496 Lycoris

203 1504 348 1548 Perque
367 1505 470 1538 nives
490 1505 603 1538 alium
622 1516 757 1549 perque
776 1505 925 1539 horrida
943 1508 1060 1540 castra
1079 1508 1204 1539 secuta
1222 1507 1287 1539 est.

203 1557 318 1591 Venit
338 1560 375 1591 et
395 1558 528 1601 agresti
547 1558 675 1602 capitis
695 1558 864 1591 Silvanus
882 1558 1018 1591 honore

201 1610 393 1644 Florentes
411 1611 544 1644 ferulas
563 1614 599 1644 et
618 1611 769 1654 grandia
786 1611 862 1644 lilia
881 1623 1063 1655 quassans⁸

203 1663 282 1697 Pan
302 1663 392 1697 deus
410 1663 577 1698 Arcadiae
596 1664 710 1707 venit,
733 1676 842 1707 quem
861 1664 1019 1697 vidimus
1038 1664 1107 1708 ipsi

203 1716 419 1761 Sanguineis
439 1716 538 1750 ebuli
556 1717 674 1750 baccis
693 1718 878 1760 minioque
896 1717 1099 1751 rubentem.

202 1769 337 1813 Ecquis
356 1770 424 1803 erit
443 1770 572 1803 modus
591 1770 603 1803 ’.ἰ
630 1770 761 1814 inquit.
821 1770 936 1803 Amor
954 1782 1028 1803 non
1047 1770 1136 1803 talia
1155 1772 1278 1805 curat:

203 1822 242 1855 N
243 1835 282 1856 ec
303 1822 460 1856 lacrimis
480 1823 635 1856 crudelis
654 1823 779 1866 Amor,
802 1835 868 1856 nec
887 1823 1051 1866 gramina
1069 1823 1168 1866 rivis,

202 1874 241 1908 N
243 1887 282 1908 ec
302 1875 417 1919 cytiso
437 1878 648 1909 saturantur
666 1887 763 1919 apes,
779 1887 845 1910 nec
864 1876 993 1909 fronde
1013 1876 1168 1920 capellae.

201 1927 329 1961 Tristis
347 1931 385 1962 at
403 1928 477 1972 ille,
500 1929 636 1962 Tamen
656 1929 860 1973 cantabitis,
883 1929 1054 1972 Arcade&
1076 1928 1210 1973 inquit,

200 1980 394 2014 Montibus
411 1981 489 2015 haec
507 1982 656 2024 vestiis3
685 1982 752 2016 soli
771 1985 917 2016 cantare
935 1982 1043 2025 periti

200 2034 369 2068 Arcades.
430 2033 461 2067 Ο
480 2034 571 2067 mihi
589 2037 670 2068 tum
689 2046 799 2078 quam
819 2035 976 2068 molliter
995 2046 1074 2068 ossa
1093 2032 1294 2079 quiescant,

200 2085 334 2120 Vestra
353 2098 459 2120 meos-
472 2087 559 2120 olim
579 2087 608 2120 si
627 2087 750 2121 fistula
769 2088 866 2121 dicat
886 2099 1025 2121 amores
1046 2089 1052 2122 ἒ

200 2138 324 2183 Atque
343 2139 486 2173 utinam
505 2151 550 2173 ex
570 2140 672 2173 vobis
691 2152 799 2183 unus,
822 2140 1006 2184 vestrique
1025 2140 1176 2174 fuissem

199 2192 278 2226 Aut
298 2194 419 2226 custos
437 2193 565 2236 gregis,
588 2196 652 2226 aut
671 2195 825 2227 maturae
844 2193 980 2226 vinitor
999 2204 1081 2227 uvae
1098 2193 1105 2227 ἔ

205 2244 323 2288 Certe,
347 2245 422 2278 sive
440 2245 530 2278 mihi
550 2246 704 2289 Phyllis,
727 2246 802 2279 sive
821 2249 914 2279 esset
933 2246 1127 2289 Amyntas,

201 2296 273 2331 Seu
293 2298 501 2342 quicunque
521 2299 622 2332 furor
641 2298 745 2342 (quid
765 2301 857 2342 tum,
881 2299 911 2332 si
929 2299 1053 2333 fuscus
1071 2298 1280 2343 Amyntas?

198 2349 248 2384 Et
267 2351 380 2395 nigrae
398 2351 504 2385 violae
523 2354 622 2395 sunt,
645 2354 681 2385 et
700 2351 860 2385 vaccinia
878 2350 994 2397 nigra)
1013 2364 1021 2388 :

1369 103 1420 142 21

1392 814 1421 836 10
