1528 2569
636 101 771 130 LIBER
800 102 878 129 ΧΠ.
1339 95 1420 131 227

215 190 404 236 Purpureo
423 204 431 227 :
459 203 534 226 non
551 191 615 226 illa
631 191 718 225 feris
735 190 921 235 incognita
939 189 1056 235 capris

216 245 401 288 Gramina,
423 256 537 288 quum
554 247 656 288 tergo
675 244 839 278 volucres
856 243 991 277 haesere
1010 242 1161 287 sagittae.

215 297 297 331 Hoc
315 297 455 340 Venus,
477 298 628 331 obscuro
646 297 776 331 faciem
795 296 1017 330 circumdata
1033 296 1168 339 nimbo,

215 350 360 384 Detulit
377 363 385 392 3
414 351 482 384 hoc
499 350 623 384 fusum
641 350 751 384 labris
769 349 1046 394 splendentibus
1064 359 1209 382 amnem

215 403 350 446 Inficit,
373 403 512 437 occulte
532 403 736 437 medicans:
770 402 978 446 spargitque
997 401 1150 436 salubris

213 456 415 490 Ambrosiae
434 467 570 498 succos,
593 458 630 489 et
649 455 866 489 odoriferam
891 459 1096 499 panaceam.

213 509 323 543 Fovit
341 511 385 543 ea
402 509 536 542 vulnus
555 509 705 553 lympha
723 508 910 552 longaevus
929 507 1039 552 Iapis,

213 561 391 606 Ignorans
407 575 416 603 3
444 562 637 605 subitoque
656 561 773 595 onmis
792 561 837 595 de
856 572 1003 604 corpore
1020 559 1116 604 fugit

214 614 357 659 Quippe
376 615 479 648 dolor
497 627 503 648 :
533 615 650 649 omnis
669 614 773 648 stetit
791 614 865 647 imo
884 613 1036 647 vanere
1055 614 1203 657 sanguis
1224 625 1232 649 z

212 667 372 712 Jamque
391 670 514 701 secuta
531 679 692 711 manum,
716 667 819 700 nullo
839 669 999 710 cogente,
1023 666 1158 709 sagitta

212 720 370 763 Excidit,
393 724 504 764 atque
522 732 628 754 novae
646 720 783 754 rediere
801 720 841 753 in
859 719 1013 762 pristina
1026 719 1130 752 vires.

216 774 242 792 “
262 773 375 806 Arma
394 773 457 807 citi
475 776 664 817 properate
683 773 760 806 viro
777 774 784 806 2
815 771 906 815 quid
925 771 1030 805 statis
1045 771 1056 805 2
1070 771 1092 788 ''
1121 771 1219 815 Iapis

213 825 433 869 Conclamat,
458 826 668 870 primusque
687 825 826 859 animos
845 824 1011 858 accendit
1029 824 1067 857 in
1086 823 1208 858 hostes
1229 836 1236 859 :

219 879 243 898 “
262 878 350 912 Non
368 879 447 912 haec
463 878 632 912 humanis
651 878 791 922 opibus,
815 888 891 911 non
910 879 988 911 arte
1007 877 1183 920 magistra

213 931 440 965 Proveniunt
457 944 464 966 :
493 943 612 976 neque
629 934 679 974 te,
702 931 834 973 AEnea,
856 941 936 963 mea
955 929 1107 963 dextera
1125 932 1246 964 servat
1263 942 1270 964 :

213 985 336 1029 Major
354 984 429 1028 agit
447 985 559 1029 Deus,
577 987 688 1028 atque
707 995 815 1027 opera
834 983 880 1017 ad
898 983 1038 1027 majora
1054 983 1248 1017 remittit.''

211 1038 292 1080 Ille,
313 1037 442 1072 avidus
460 1049 604 1081 pugnae,
627 1049 728 1071 suras
741 1036 937 1070 incluserat
955 1047 1043 1070 auro

213 1090 312 1124 Hinc
331 1093 441 1134 atque
459 1090 556 1133 hinc,
578 1090 729 1134 oditque
748 1101 877 1132 moras,
899 1088 1117 1133 hastamque
1137 1092 1308 1123 coruscat.

214 1143 415 1187 Postquam
434 1143 564 1177 habilis
578 1143 684 1177 lateri
703 1143 862 1186 clypeus,
884 1142 1066 1185 loricaque
1084 1144 1187 1186 tergo
1207 1145 1274 1185 est,

214 1197 412 1230 Ascanium
430 1196 520 1230 fusis
540 1196 674 1230 circum
693 1195 946 1239 complectitur
965 1195 1086 1238 armis,

214 1249 436 1293 Summaque
455 1261 520 1294 per
538 1249 679 1293 galeam
698 1248 862 1282 delibans
880 1248 1004 1282 oscula
1026 1248 1127 1281 fatur
1147 1260 1154 1282 ε

217 1304 242 1321 “
262 1302 378 1345 Disce,
402 1314 504 1346 puer,
526 1302 703 1336 virtutem
721 1313 767 1335 ex
780 1312 838 1335 me
857 1311 1056 1344 verumque
1075 1301 1247 1344 laborem,

214 1355 417 1389 Fortunam
436 1367 481 1389 ex
501 1355 581 1389 aljis
599 1368 606 1389 ε
634 1366 733 1388 nunc
750 1356 788 1388 te
806 1365 887 1388 mea
904 1353 1056 1387 dextera
1074 1353 1169 1387 bello

216 1408 418 1442 Defensum
437 1408 551 1451 dabit,
573 1410 610 1442 et
629 1419 760 1451 magna
777 1407 874 1440 inter
891 1406 1040 1450 praemia
1059 1406 1170 1440 ducet
1186 1419 1195 1449 ;

214 1461 269 1494 Tu
289 1462 411 1504 facito,
432 1473 519 1494 mox
539 1472 652 1505 quum
671 1463 815 1494 matura
833 1459 1033 1493 adoleverit
1051 1462 1153 1502 aetas,

214 1514 270 1549 Sis
289 1525 427 1548 memor
443 1527 451 1555 ;
481 1516 517 1547 et
537 1517 586 1557 te,
609 1514 730 1547 animo
748 1515 975 1557 repetentem
990 1513 1158 1556 exempla
1176 1515 1339 1556 tuorum,

213 1567 264 1601 Et
281 1569 384 1611 pater
403 1567 553 1610 AEneas,
571 1569 608 1601 et
627 1566 831 1600 avunculus
850 1565 986 1598 excitet
1006 1565 1153 1599 Hector.
1161 1565 1181 1582 ''

267 1619 359 1654 Haec
378 1619 443 1654 ubi
461 1620 559 1654 dicta
577 1619 690 1662 dedit,
712 1619 827 1663 portis
842 1629 917 1652 sese
937 1618 1073 1651 extulit
1092 1618 1232 1662 ingens,

214 1673 343 1706 Telum
362 1673 519 1706 immane
538 1684 651 1706 manu
670 1672 840 1716 quatiens
860 1684 866 1705 :
895 1671 1003 1705 simu]
1023 1671 1166 1715 agmine
1185 1671 1298 1705 denso

214 1726 457 1770 Antheusque
476 1726 765 1769 Mnestheusque
784 1727 898 1758 ruimt
919 1737 925 1758 :
955 1724 1144 1768 omnisque
1163 1724 1299 1758 relictis

214 1779 336 1812 Turba
354 1779 435 1812 fluit
454 1779 580 1812 castris
597 1791 604 1812 :
631 1781 712 1811 tum
728 1788 821 1811 caeco
840 1777 989 1821 pulvere
1008 1788 1157 1821 campus

216 1831 405 1875 Miscetur,
427 1831 535 1875 pulsu
553 1831 688 1875 pedum
706 1830 832 1864 tremit
851 1830 970 1863 excita
987 1830 1107 1864 tellus.

215 1884 323 1918 Vidit
342 1885 388 1918 ab
406 1884 557 1918 adverso
577 1884 757 1917 venientis
775 1894 903 1927 aggere
924 1883 1080 1922 Turnus,

216 1937 352 1971 Videre
371 1937 538 1980 Ausonii,
560 1937 774 1980 gelidusque
793 1947 858 1980 per
871 1936 944 1969 ima
963 1935 1121 1969 cucurrit

216 1989 306 2024 Ossa
324 1993 460 2024 tremor
480 2003 486 2024 ;
515 1990 632 2034 prima
650 1992 734 2023 ante
754 2000 878 2022 omnes
891 1988 917 2021 J
919 1991 1056 2022 uturna
1076 1988 1226 2022 Latinos

215 2043 358 2086 Audiit,
381 2043 603 2087 agnovitque
622 2054 763 2086 sonum,
787 2044 823 2075 et
842 2041 1054 2075 tremefacta
1072 2041 1217 2085 refugit.

214 2096 284 2130 Ille
300 2096 408 2139 volat,
433 2107 632 2140 campoque
651 2098 772 2129 atrum
791 2094 887 2138 rapit
906 2105 1037 2138 agmen
1061 2098 1195 2137 aperto.

215 2148 353 2192 Qualis,
374 2149 439 2182 ubi
457 2149 503 2182 ad
522 2152 636 2182 terras
655 2149 811 2192 abrupto
831 2147 947 2181 sidere
965 2146 1112 2180 nimbus

214 2202 252 2235 It
271 2213 368 2236 mare
386 2213 451 2246 per
469 2202 641 2244 medium,
661 2201 799 2235 miseris
817 2200 908 2234 heu!
938 2199 1086 2243 praescia
1103 2199 1209 2244 longe

215 2254 444 2288 Horrescunt
459 2255 567 2288 corda
581 2254 745 2298 agricolis
763 2267 770 2294 ;
799 2253 902 2287 dabit
922 2253 982 2286 ffle
1002 2253 1127 2286 ruinas

214 2307 415 2342 Arboribus
442 2311 672 2352 stragemque
691 2307 790 2350 satis,
814 2309 897 2340 ruet
915 2306 1038 2339 omnia
1055 2305 1129 2340 late
1147 2318 1156 2346 3
1174 2329 1176 2331 »

215 2361 453 2405 Antevolant,
475 2361 709 2405 sonitumque
728 2361 852 2394 ferimt
870 2359 917 2393 ad
935 2359 1062 2392 littora
1077 2358 1178 2393 venti
1199 2370 1205 2392 :

1382 241 1422 262 415

1381 505 1424 526 420

1381 769 1422 790 425

1382 1034 1422 1053 4311

1382 1298 1422 1317 4:552

1381 1562 1423 1582 440

1382 1827 1423 1848 445

1381 2090 1425 2112 450

1382 2355 1425 2376 45³5
