1528 2569
651 87 785 115 mni-:R
813 86 878 115 111.
1371 78 1423 115 43

217 173 353 218 Magna
371 185 469 218 para,
486 174 709 219 longumque
727 175 823 219 fugae
841 186 888 208 ne
906 173 1032 219 linque
1046 173 1216 209 laborem.
1385 173 1425 194 ¹⁶⁰

216 226 410 261 Mutandae
429 228 531 261 sedes
547 240 554 262 :
583 239 657 261 non
677 228 754 262 haec
772 228 841 261 tibi
859 228 986 261 littora
1000 227 1114 261 suasit

217 279 356 323 DeliuS,
379 283 444 314 aut
463 280 580 314 Cretae
594 281 706 325 jussit
726 280 910 314 considere
928 280 1071 324 Apollo.

217 332 285 365 Est
303 332 416 374 locus,
438 333 668 377 (Hesperiam
687 333 788 367 Graii
807 332 1018 377 cognomine
1038 331 1197 378 dicunt),

218 384 326 418 Terra
345 385 508 429 antiqua,
529 389 660 430 potens
674 386 784 419 armis
802 389 913 430 atque
931 385 1042 419 ubere
1061 385 1176 429 glebae
1193 398 1203 427 ;

218 437 364 471 OEnotri
383 439 524 472 coluere
543 437 613 473 viri
631 451 638 472 ε
666 451 765 472 nunc
783 439 892 481 fama,
913 438 1070 472 minores
1385 437 1424 458 ¹⁵⁵

217 490 370 524 Italiam
389 491 534 533 dixisse,
559 491 661 525 ducis
680 492 725 525 de
744 492 902 534 nomine,
924 493 1071 534 gentem

216 542 289 576 Hae
307 544 412 577 nobis
430 544 583 588 propriae
603 544 704 577 sedes
723 557 730 586 3
758 544 844 577 hinc
863 544 1056 577 Dardanus
1075 545 1188 586 ortus,

218 595 409 640 Iasiusque
429 600 543 640 pater,
566 608 681 641 genus
699 608 721 630 a
739 607 812 640 quo
831 596 992 640 principe
1011 598 1186 630 nostrum.

217 648 329 692 Surge
349 661 426 692 age,
449 652 484 682 et
503 649 580 682 haec
599 649 705 682 laetus
724 649 890 692 longaevo
909 649 1005 682 dicta
1023 648 1167 692 parenti

215 700 329 734 Haud
348 701 551 735 dubitanda
568 702 670 735 refer.
731 701 945 744 Corythum,
967 704 1154 744 terrasque
1173 702 1316 745 require
1381 700 1422 724 ¹⁷⁰

218 753 396 786 Ausonias
417 766 423 787 :
452 754 593 787 Dictaea
611 756 719 797 negat
737 754 807 787 tibi
825 753 975 797 Jupiter
993 753 1116 787 arva-.''

217 806 362 839 Talibus
381 807 562 840 attonitus
580 807 665 840 visis
684 818 725 840 ac
747 818 830 839 voce
848 807 1022 849 Deorum,

218 858 312 902 (Nec
332 870 437 902 sopor
454 859 547 893 illud
567 862 656 902 erat,
680 859 743 892 sed
763 870 882 892 cora-m
901 870 1092 902 agnoscere
1111 858 1237 893 vultus

215 910 438 955 Velatasque
456 923 575 946 comas
593 911 859 955 praezentiaque
877 923 939 945 ora
959 911 1107 945 videbar
1122 924 1130 953 3

216 964 308 997 Tum
327 965 467 1007 gelidus
487 968 566 998 toto
584 965 756 998 manabat
776 976 923 1008 corpore
942 965 1080 1008 sudor),
1384 963 1424 987 ¹⁷⁵

216 1017 377 1061 Corripio
397 1029 416 1050 e
435 1018 559 1051 stratis
578 1029 715 1061 corpus,
739 1017 925 1060 tendoque
945 1017 1092 1060 supinas

215 1070 276 1103 Ad
295 1070 426 1103 coelum
447 1081 530 1103 cum
547 1081 634 1103 voce
653 1081 795 1112 manus,
818 1073 854 1103 et
873 1081 1025 1103 munera
1042 1069 1118 1103 libo

217 1122 441 1155 Intemerata
459 1123 557 1156 focis.
618 1123 786 1156 Perfecto
805 1123 912 1156 laetus
930 1122 1067 1156 honore

216 1175 396 1208 Anchisen
418 1175 511 1209 facio
530 1178 682 1218 certum,
703 1186 853 1218 remque
871 1175 998 1208 ordine
1017 1175 1146 1218 pando.

216 1228 378 1271 Agnovit
397 1228 534 1271 prolem
553 1228 770 1271 ambiguam,
792 1227 1025 1271 geminosque
1044 1229 1213 1271 parentes
1229 1240 1238 1270 ς
1384 1226 1425 1248 ²⁸⁸

217 1281 334 1324 Seque
352 1292 447 1314 novo
467 1284 632 1314 veterum
651 1281 844 1324 deceptum
863 1291 981 1314 errore
999 1280 1171 1315 locorum.

217 1333 308 1366 Tum
328 1336 504 1366 memorat
524 1345 532 1368 ,’
563 1335 589 1351 “
606 1333 644 1366 N
646 1337 717 1376 ate,
743 1334 862 1366 Iliacis
882 1333 1037 1366 exercite
1056 1333 1155 1376 fatis,

217 1386 301 1419 Sola
318 1386 408 1419 mihi
425 1386 517 1420 tales
537 1397 639 1420 casus
658 1386 857 1419 Cassandra
876 1386 1036 1419 canebat.

215 1438 328 1472 Nunc
346 1442 482 1482 repeto,
503 1438 581 1472 haec
601 1439 722 1482 genen'
740 1438 955 1482 portendere
975 1438 1098 1472 debita
1116 1441 1254 1483 nostro,

214 1491 265 1524 Et
283 1503 376 1535 saepe
395 1491 622 1534 Hesperiam,
645 1503 739 1535 saepe
757 1491 853 1524 Itala
869 1503 981 1535 regna
998 1502 1136 1525 vocare.
1384 1490 1424 1511 ¹3⁵

217 1544 288 1578 Sed
308 1544 388 1588 quis
407 1544 453 1578 ad
473 1544 659 1588 Hesperiae
678 1547 852 1577 venturos
870 1544 995 1577 littora
1013 1544 1167 1578 Teucros

216 1597 388 1630 Crederet
405 1597 417 1630 ’ἰ
445 1600 509 1630 aut
528 1609 637 1641 quem
655 1600 737 1630 tum
756 1600 857 1630 vates
877 1596 1076 1630 Cassandra
1093 1600 1256 1631 moveret
1273 1596 1286 1631 2

216 1649 395 1683 Cedamus
414 1649 568 1693 Phoebo,
590 1652 628 1683 et
646 1649 777 1683 moniti
795 1650 944 1683 meliora
962 1661 1165 1693 sequamur.
1172 1649 1192 1665 ''

216 1703 275 1736 Sic
293 1703 345 1736 ait
364 1715 371 1736 :
400 1705 437 1736 et
456 1703 579 1736 cuncti
597 1703 695 1736 dioto
714 1714 881 1746 paremus
900 1705 1058 1735 ovantes.

217 1755 326 1788 Hanc
346 1766 491 1798 quoque
510 1755 707 1788 desefimus
726 1755 860 1797 sedem,
882 1755 1077 1798 paucisque
1095 1755 1231 1788 relictis
1386 1754 1425 1774 ¹⁹⁰

215 1807 312 1841 Vela
331 1807 463 1841 damus
481 1810 699 1851 vastumque
719 1810 809 1840 cava
827 1807 930 1840 trabe
949 1807 1127 1841 currimus
1146 1819 1279 1850 aequor.

267 1860 469 1904 Postquam
489 1860 605 1893 altum
624 1860 775 1893 tenuere
793 1863 901 1902 rates,
922 1871 990 1893 nec
1003 1859 1082 1903 jam
1100 1860 1255 1903 amplius
1273 1860 1360 1894 unae

217 1913 406 1957 Apparent
425 1915 532 1946 terrae
550 1925 557 1953 ;
587 1913 718 1946 coelum
738 1912 913 1955 undique,
935 1914 972 1945 et
992 1912 1155 1955 undique
1173 1916 1309 1956 pontus
1325 1926 1334 1955 ;

218 1965 312 1999 Tum
330 1965 421 1999 mihi
440 1965 617 1998 coeruleus
637 1976 745 2008 supra
764 1968 872 2008 caput
891 1964 1010 1998 astitit
1027 1965 1159 2005 imber,

215 2018 374 2052 Noctem
392 2018 620 2062 hiememque
639 2018 758 2051 ferens
777 2030 786 2058 3
814 2020 851 2051 et
867 2017 1050 2051 inhorruit
1067 2017 1168 2051 unda
1185 2018 1356 2053 tenebris.
1391 2009 1428 2031 ¹⁹⁵

217 2071 401 2105 Continuo
420 2071 522 2104 venti
539 2071 695 2103 volvunt
713 2081 824 2113 mare,
845 2081 1048 2113 magnaque
1067 2073 1223 2113 surgunt

216 2124 383 2167 AEquora
403 2136 411 2164 ;
440 2123 592 2167 dispersi
606 2123 788 2166 jactamur
805 2123 948 2166 gurgite
970 2125 1080 2156 vasto.

217 2176 411 2210 Involvere
430 2176 533 2209 dium
552 2176 680 2218 nimbi,
702 2178 739 2208 et
758 2186 832 2209 nox
851 2174 1002 2208 humida
1021 2174 1154 2208 coelum

217 2229 384 2263 Abstulit
402 2242 410 2270 ;
438 2228 663 2272 ingeminant
681 2228 846 2272 abruptis
865 2227 1024 2261 nubibus
1041 2228 1142 2271 ignes
1159 2239 1168 2263 ι

1386 2277 1428 2298 200

217 2281 435 2316 Excutimur
453 2293 573 2324 cursu,
594 2284 631 2314 et
651 2281 753 2314 caecis
771 2291 932 2314 erramus
949 2280 988 2314 in
1006 2280 1125 2314 undis,

219 2334 302 2379 Ipse
322 2333 418 2368 diem
438 2336 655 2378 noctemque
675 2336 784 2378 negat
803 2333 1005 2368 discernere
1023 2333 1125 2377 coele,
