<?xml version="1.0" encoding="UTF-8"?>
<!DOCTYPE html PUBLIC "-//W3C//DTD XHTML 1.0 Transitional//EN"
    "http://www.w3.org/TR/xhtml1/DTD/xhtml1-transitional.dtd">
<html xmlns="http://www.w3.org/1999/xhtml" xml:lang="en" lang="en">
 <head>
  <title>
</title>
<meta http-equiv="Content-Type" content="text/html;charset=utf-8" />
  <meta name='ocr-system' content='tesseract 3.04.00' />
  <meta name='ocr-capabilities' content='ocr_page ocr_carea ocr_par ocr_line ocrx_word'/>
</head>
<body>
  <div class='ocr_page' id='page_1' title='image "./operavir00virguoft_0024.png"; bbox 0 0 1559 2584; ppageno 0'>
   <div class='ocr_carea' id='block_1_1' title="bbox 111 105 963 142">
    <p class='ocr_par' dir='ltr' id='par_1_1' title="bbox 111 105 963 142">
     <span class='ocr_line' id='line_1_1' title="bbox 111 105 963 142; baseline -0.001 -2"><span class='ocrx_word' id='word_1_1' title='bbox 111 105 160 140; x_wconf 88' lang='grc'>14</span> <span class='ocrx_word' id='word_1_2' title='bbox 513 115 702 142; x_wconf 82' lang='lat' dir='ltr'><strong>VIRGILH</strong></span> <span class='ocrx_word' id='word_1_3' title='bbox 731 114 963 142; x_wconf 84' lang='lat' dir='ltr'>BUCOLICA.</span> 
     </span>
    </p>
   </div>
   <div class='ocr_carea' id='block_1_2' title="bbox 107 201 1211 1198">
    <p class='ocr_par' dir='ltr' id='par_1_2' title="bbox 107 201 1211 932">
     <span class='ocr_line' id='line_1_2' title="bbox 107 201 967 245; baseline -0.001 -9"><span class='ocrx_word' id='word_1_4' title='bbox 107 201 277 236; x_wconf 84' lang='lat' dir='ltr'>Floribus</span> <span class='ocrx_word' id='word_1_5' title='bbox 296 203 405 245; x_wconf 84' lang='lat' dir='ltr'>atque</span> <span class='ocrx_word' id='word_1_6' title='bbox 426 202 507 245; x_wconf 87' lang='lat' dir='ltr'>apio</span> <span class='ocrx_word' id='word_1_7' title='bbox 528 202 643 236; x_wconf 87' lang='lat' dir='ltr'>crines</span> <span class='ocrx_word' id='word_1_8' title='bbox 663 204 813 235; x_wconf 88' lang='lat' dir='ltr'>ornatus</span> <span class='ocrx_word' id='word_1_9' title='bbox 832 213 967 245; x_wconf 87' lang='lat' dir='ltr'>amaro,</span> 
     </span>
     <span class='ocr_line' id='line_1_3' title="bbox 108 254 1130 301; baseline 0 -13"><span class='ocrx_word' id='word_1_10' title='bbox 108 254 265 297; x_wconf 77' lang='lat' dir='ltr'>Dixerit,</span> <span class='ocrx_word' id='word_1_11' title='bbox 289 254 368 287; x_wconf 91' lang='lat' dir='ltr'>Hos</span> <span class='ocrx_word' id='word_1_12' title='bbox 387 255 455 288; x_wconf 86' lang='lat' dir='ltr'>tibi</span> <span class='ocrx_word' id='word_1_13' title='bbox 474 255 566 288; x_wconf 86' lang='lat' dir='ltr'>dant</span> <span class='ocrx_word' id='word_1_14' title='bbox 586 255 753 297; x_wconf 76' lang='lat' dir='ltr'>calamos,</span> <span class='ocrx_word' id='word_1_15' title='bbox 776 266 822 288; x_wconf 88' lang='lat' dir='ltr'>en</span> <span class='ocrx_word' id='word_1_16' title='bbox 841 255 974 298; x_wconf 80' lang='lat' dir='ltr'>accipe,</span> <span class='ocrx_word' id='word_1_17' title='bbox 997 254 1130 301; x_wconf 64' lang='lat' dir='ltr'>Musae,</span> 
     </span>
     <span class='ocr_line' id='line_1_4' title="bbox 109 307 990 351; baseline -0.002 -9"><span class='ocrx_word' id='word_1_18' title='bbox 109 308 253 342; x_wconf 76' lang='lat' dir='ltr'>Ascraeo</span> <span class='ocrx_word' id='word_1_19' title='bbox 273 319 362 351; x_wconf 87' lang='lat' dir='ltr'>quos</span> <span class='ocrx_word' id='word_1_20' title='bbox 381 310 466 341; x_wconf 87' lang='lat' dir='ltr'>ante</span> <span class='ocrx_word' id='word_1_21' title='bbox 486 308 564 340; x_wconf 90' lang='lat' dir='ltr'>seni</span> <span class='ocrx_word' id='word_1_22' title='bbox 581 321 588 349; x_wconf 79' lang='lat'><em>3</em></span> <span class='ocrx_word' id='word_1_23' title='bbox 618 308 751 351; x_wconf 88' lang='lat' dir='ltr'>quibus</span> <span class='ocrx_word' id='word_1_24' title='bbox 770 307 831 340; x_wconf 90' lang='lat' dir='ltr'>ille</span> <span class='ocrx_word' id='word_1_25' title='bbox 851 307 990 341; x_wconf 92' lang='lat' dir='ltr'>solebat</span> 
     </span>
     <span class='ocr_line' id='line_1_5' title="bbox 109 360 989 403; baseline 0.001 -10"><span class='ocrx_word' id='word_1_26' title='bbox 109 360 299 393; x_wconf 74' lang='lat' dir='ltr'>Cantando</span> <span class='ocrx_word' id='word_1_27' title='bbox 318 360 451 403; x_wconf 88' lang='lat' dir='ltr'>rigidas</span> <span class='ocrx_word' id='word_1_28' title='bbox 471 360 648 394; x_wconf 81' lang='lat' dir='ltr'>deducere</span> <span class='ocrx_word' id='word_1_29' title='bbox 667 360 854 394; x_wconf 86' lang='lat' dir='ltr'>montibus</span> <span class='ocrx_word' id='word_1_30' title='bbox 873 371 989 395; x_wconf 88' lang='lat' dir='ltr'>ornos.</span> 
     </span>
     <span class='ocr_line' id='line_1_6' title="bbox 110 412 910 456; baseline 0 -9"><span class='ocrx_word' id='word_1_31' title='bbox 110 413 179 447; x_wconf 86' lang='lat' dir='ltr'>His</span> <span class='ocrx_word' id='word_1_32' title='bbox 198 412 267 445; x_wconf 86' lang='lat' dir='ltr'>tibi</span> <span class='ocrx_word' id='word_1_33' title='bbox 286 413 425 456; x_wconf 81' lang='lat' dir='ltr'>Grynei</span> <span class='ocrx_word' id='word_1_34' title='bbox 444 413 601 446; x_wconf 87' lang='lat' dir='ltr'>nemoris</span> <span class='ocrx_word' id='word_1_35' title='bbox 621 413 763 446; x_wconf 86' lang='lat' dir='ltr'>dicatur</span> <span class='ocrx_word' id='word_1_36' title='bbox 782 413 882 456; x_wconf 91' lang='lat' dir='ltr'>origo</span> <span class='ocrx_word' id='word_1_37' title='bbox 903 425 910 447; x_wconf 73' lang='grc' dir='ltr'>ε</span> 
     </span>
     <span class='ocr_line' id='line_1_7' title="bbox 108 465 1019 509; baseline 0.001 -11"><span class='ocrx_word' id='word_1_38' title='bbox 108 465 167 498; x_wconf 90' lang='lat' dir='ltr'>Ne</span> <span class='ocrx_word' id='word_1_39' title='bbox 187 465 270 508; x_wconf 81' lang='lat' dir='ltr'>quis</span> <span class='ocrx_word' id='word_1_40' title='bbox 289 466 336 499; x_wconf 83' lang='lat' dir='ltr'>sit</span> <span class='ocrx_word' id='word_1_41' title='bbox 355 466 469 508; x_wconf 90' lang='lat' dir='ltr'>lucus,</span> <span class='ocrx_word' id='word_1_42' title='bbox 493 477 566 509; x_wconf 90' lang='lat' dir='ltr'>quo</span> <span class='ocrx_word' id='word_1_43' title='bbox 586 477 623 499; x_wconf 85' lang='lat' dir='ltr'>se</span> <span class='ocrx_word' id='word_1_44' title='bbox 642 466 723 509; x_wconf 88' lang='lat' dir='ltr'>plus</span> <span class='ocrx_word' id='word_1_45' title='bbox 738 466 856 509; x_wconf 86' lang='lat' dir='ltr'>jactet</span> <span class='ocrx_word' id='word_1_46' title='bbox 875 465 1019 509; x_wconf 85' lang='lat' dir='ltr'>Apollo.</span> 
     </span>
     <span class='ocr_line' id='line_1_8' title="bbox 108 518 1211 563; baseline 0.002 -13"><span class='ocrx_word' id='word_1_47' title='bbox 108 518 206 558; x_wconf 85' lang='lat' dir='ltr'>Quid</span> <span class='ocrx_word' id='word_1_48' title='bbox 226 518 365 562; x_wconf 86' lang='lat' dir='ltr'>loquar,</span> <span class='ocrx_word' id='word_1_49' title='bbox 388 521 431 551; x_wconf 89' lang='lat' dir='ltr'>ut</span> <span class='ocrx_word' id='word_1_50' title='bbox 451 518 608 562; x_wconf 81' lang='lat' dir='ltr'>Scyllam</span> <span class='ocrx_word' id='word_1_51' title='bbox 628 519 723 561; x_wconf 86' lang='lat' dir='ltr'>Nisi,</span> <span class='ocrx_word' id='word_1_52' title='bbox 747 530 858 562; x_wconf 88' lang='lat' dir='ltr'>quam</span> <span class='ocrx_word' id='word_1_53' title='bbox 876 519 975 552; x_wconf 86' lang='lat' dir='ltr'>fama</span> <span class='ocrx_word' id='word_1_54' title='bbox 994 520 1118 552; x_wconf 82' lang='lat' dir='ltr'>secuta</span> <span class='ocrx_word' id='word_1_55' title='bbox 1142 520 1211 563; x_wconf 60' lang='lat' dir='ltr'>est,</span> 
     </span>
     <span class='ocr_line' id='line_1_9' title="bbox 109 570 1129 615; baseline 0.001 -11"><span class='ocrx_word' id='word_1_56' title='bbox 109 570 275 604; x_wconf 86' lang='lat' dir='ltr'>Candida</span> <span class='ocrx_word' id='word_1_57' title='bbox 294 571 515 604; x_wconf 70' lang='lat' dir='ltr'>succinctam</span> <span class='ocrx_word' id='word_1_58' title='bbox 534 571 755 605; x_wconf 84' lang='lat' dir='ltr'>latrantibus</span> <span class='ocrx_word' id='word_1_59' title='bbox 773 571 926 615; x_wconf 81' lang='lat' dir='ltr'>inguina</span> <span class='ocrx_word' id='word_1_60' title='bbox 944 572 1129 615; x_wconf 73' lang='lat' dir='ltr'>monstris,</span> 
     </span>
     <span class='ocr_line' id='line_1_10' title="bbox 109 623 967 668; baseline 0 -11"><span class='ocrx_word' id='word_1_61' title='bbox 109 623 298 657; x_wconf 82' lang='lat' dir='ltr'>Dulichias</span> <span class='ocrx_word' id='word_1_62' title='bbox 318 626 467 657; x_wconf 76' lang='lat' dir='ltr'>vexasse</span> <span class='ocrx_word' id='word_1_63' title='bbox 487 627 594 668; x_wconf 87' lang='lat' dir='ltr'>rates,</span> <span class='ocrx_word' id='word_1_64' title='bbox 618 627 654 657; x_wconf 86' lang='lat' dir='ltr'>et</span> <span class='ocrx_word' id='word_1_65' title='bbox 673 625 814 668; x_wconf 87' lang='lat' dir='ltr'>gurgite</span> <span class='ocrx_word' id='word_1_66' title='bbox 834 625 872 657; x_wconf 87' lang='lat' dir='ltr'>in</span> <span class='ocrx_word' id='word_1_67' title='bbox 892 625 967 658; x_wconf 87' lang='lat' dir='ltr'>alto</span> 
     </span>
     <span class='ocr_line' id='line_1_11' title="bbox 109 676 1085 711; baseline 0 -1"><span class='ocrx_word' id='word_1_68' title='bbox 109 677 169 710; x_wconf 85' lang='lat' dir='ltr'>Ah</span> <span class='ocrx_word' id='word_1_69' title='bbox 185 678 191 710; x_wconf 88' lang='lat'>!</span> <span class='ocrx_word' id='word_1_70' title='bbox 225 677 373 710; x_wconf 82' lang='lat' dir='ltr'>timidos</span> <span class='ocrx_word' id='word_1_71' title='bbox 393 679 524 710; x_wconf 84' lang='lat' dir='ltr'>nautas</span> <span class='ocrx_word' id='word_1_72' title='bbox 544 677 693 711; x_wconf 88' lang='lat' dir='ltr'>canibus</span> <span class='ocrx_word' id='word_1_73' title='bbox 712 677 887 711; x_wconf 70' lang='lat' dir='ltr'>lacerasse</span> <span class='ocrx_word' id='word_1_74' title='bbox 906 677 1056 711; x_wconf 79' lang='lat' dir='ltr'>marinis</span> <span class='ocrx_word' id='word_1_75' title='bbox 1072 676 1085 711; x_wconf 74' lang='grc' dir='ltr'><strong><em>Ἰ</em></strong></span> 
     </span>
     <span class='ocr_line' id='line_1_12' title="bbox 109 730 934 773; baseline 0 -10"><span class='ocrx_word' id='word_1_76' title='bbox 109 731 199 773; x_wconf 88' lang='lat' dir='ltr'>Aut,</span> <span class='ocrx_word' id='word_1_77' title='bbox 223 732 265 763; x_wconf 84' lang='lat' dir='ltr'>ut</span> <span class='ocrx_word' id='word_1_78' title='bbox 285 732 446 763; x_wconf 81' lang='lat' dir='ltr'>mutatos</span> <span class='ocrx_word' id='word_1_79' title='bbox 466 730 569 763; x_wconf 85' lang='lat' dir='ltr'>Terei</span> <span class='ocrx_word' id='word_1_80' title='bbox 586 730 788 764; x_wconf 86' lang='lat' dir='ltr'>narraverit</span> <span class='ocrx_word' id='word_1_81' title='bbox 807 730 934 763; x_wconf 74' lang='lat' dir='ltr'>artus?</span> 
     </span>
     <span class='ocr_line' id='line_1_13' title="bbox 110 781 1044 827; baseline 0.001 -12"><span class='ocrx_word' id='word_1_82' title='bbox 110 782 207 823; x_wconf 82' lang='lat' dir='ltr'>Quas</span> <span class='ocrx_word' id='word_1_83' title='bbox 226 782 281 815; x_wconf 91' lang='lat' dir='ltr'>illi</span> <span class='ocrx_word' id='word_1_84' title='bbox 300 783 503 816; x_wconf 82' lang='lat' dir='ltr'>Philomela</span> <span class='ocrx_word' id='word_1_85' title='bbox 522 782 644 826; x_wconf 89' lang='lat' dir='ltr'>dapes,</span> <span class='ocrx_word' id='word_1_86' title='bbox 667 795 749 827; x_wconf 80' lang='lat' dir='ltr'>quae</span> <span class='ocrx_word' id='word_1_87' title='bbox 765 783 861 816; x_wconf 88' lang='lat' dir='ltr'>dona</span> <span class='ocrx_word' id='word_1_88' title='bbox 879 781 1044 826; x_wconf 68' lang='lat' dir='ltr'>pararit?</span> 
     </span>
     <span class='ocr_line' id='line_1_14' title="bbox 110 835 996 879; baseline 0.001 -11"><span class='ocrx_word' id='word_1_89' title='bbox 110 835 190 876; x_wconf 84' lang='lat' dir='ltr'>Quo</span> <span class='ocrx_word' id='word_1_90' title='bbox 209 847 317 870; x_wconf 88' lang='lat' dir='ltr'>cursu</span> <span class='ocrx_word' id='word_1_91' title='bbox 336 836 479 869; x_wconf 78' lang='lat' dir='ltr'>deserta</span> <span class='ocrx_word' id='word_1_92' title='bbox 497 835 680 879; x_wconf 85' lang='lat' dir='ltr'>petiverit,</span> <span class='ocrx_word' id='word_1_93' title='bbox 703 839 739 869; x_wconf 86' lang='lat' dir='ltr'>et</span> <span class='ocrx_word' id='word_1_94' title='bbox 758 836 891 879; x_wconf 87' lang='lat' dir='ltr'>quibus</span> <span class='ocrx_word' id='word_1_95' title='bbox 911 838 996 869; x_wconf 76' lang='lat' dir='ltr'>ante</span> 
     </span>
     <span class='ocr_line' id='line_1_15' title="bbox 108 888 895 932; baseline 0.001 -11"><span class='ocrx_word' id='word_1_96' title='bbox 108 888 245 922; x_wconf 75' lang='lat' dir='ltr'>Infelix</span> <span class='ocrx_word' id='word_1_97' title='bbox 264 900 328 922; x_wconf 89' lang='lat' dir='ltr'>sua</span> <span class='ocrx_word' id='word_1_98' title='bbox 346 891 444 921; x_wconf 83' lang='lat' dir='ltr'>tecta</span> <span class='ocrx_word' id='word_1_99' title='bbox 463 889 780 932; x_wconf 83' lang='lat' dir='ltr'>supervolitaverit</span> <span class='ocrx_word' id='word_1_100' title='bbox 803 888 895 922; x_wconf 71' lang='lat' dir='ltr'>alis?</span> 
     </span>
    </p>

    <p class='ocr_par' dir='ltr' id='par_1_3' title="bbox 108 941 1162 1198">
     <span class='ocr_line' id='line_1_16' title="bbox 163 941 1162 985; baseline 0.001 -11"><span class='ocrx_word' id='word_1_101' title='bbox 163 941 295 975; x_wconf 88' lang='lat' dir='ltr'>Omnia</span> <span class='ocrx_word' id='word_1_102' title='bbox 315 953 409 985; x_wconf 86' lang='lat' dir='ltr'>quae,</span> <span class='ocrx_word' id='word_1_103' title='bbox 432 941 573 975; x_wconf 76' lang='lat' dir='ltr'>Phoebo</span> <span class='ocrx_word' id='word_1_104' title='bbox 593 942 777 985; x_wconf 86' lang='lat' dir='ltr'>quondam</span> <span class='ocrx_word' id='word_1_105' title='bbox 796 942 1011 985; x_wconf 84' lang='lat' dir='ltr'>meditante,</span> <span class='ocrx_word' id='word_1_106' title='bbox 1033 941 1162 975; x_wconf 79' lang='lat' dir='ltr'>beatus</span> 
     </span>
     <span class='ocr_line' id='line_1_17' title="bbox 109 994 958 1038; baseline 0 -10"><span class='ocrx_word' id='word_1_107' title='bbox 109 994 240 1029; x_wconf 85' lang='lat' dir='ltr'>Audiit</span> <span class='ocrx_word' id='word_1_108' title='bbox 259 995 426 1037; x_wconf 82' lang='lat' dir='ltr'>Eurotas,</span> <span class='ocrx_word' id='word_1_109' title='bbox 444 994 628 1038; x_wconf 83' lang='lat' dir='ltr'>jussitque</span> <span class='ocrx_word' id='word_1_110' title='bbox 649 995 806 1028; x_wconf 85' lang='lat' dir='ltr'>ediscere</span> <span class='ocrx_word' id='word_1_111' title='bbox 826 995 958 1037; x_wconf 41' lang='lat' dir='ltr'>lauro&amp;</span> 
     </span>
     <span class='ocr_line' id='line_1_18' title="bbox 108 1047 1006 1091; baseline 0 -11"><span class='ocrx_word' id='word_1_112' title='bbox 108 1047 177 1081; x_wconf 89' lang='lat' dir='ltr'>Ille</span> <span class='ocrx_word' id='word_1_113' title='bbox 197 1048 294 1081; x_wconf 84' lang='lat' dir='ltr'>canit</span> <span class='ocrx_word' id='word_1_114' title='bbox 312 1060 319 1088; x_wconf 85' lang='lat'><em>3</em></span> <span class='ocrx_word' id='word_1_115' title='bbox 347 1047 462 1091; x_wconf 73' lang='lat' dir='ltr'>pulsae</span> <span class='ocrx_word' id='word_1_116' title='bbox 481 1048 645 1081; x_wconf 85' lang='lat' dir='ltr'>referunt</span> <span class='ocrx_word' id='word_1_117' title='bbox 665 1048 712 1081; x_wconf 85' lang='lat' dir='ltr'>ad</span> <span class='ocrx_word' id='word_1_118' title='bbox 732 1048 849 1081; x_wconf 87' lang='lat' dir='ltr'>sidera</span> <span class='ocrx_word' id='word_1_119' title='bbox 868 1048 981 1081; x_wconf 87' lang='lat' dir='ltr'>valles</span> <span class='ocrx_word' id='word_1_120' title='bbox 999 1060 1006 1081; x_wconf 91' lang='lat'>:</span> 
     </span>
     <span class='ocr_line' id='line_1_19' title="bbox 109 1099 1106 1145; baseline 0.001 -13"><span class='ocrx_word' id='word_1_121' title='bbox 109 1099 243 1143; x_wconf 84' lang='lat' dir='ltr'>Cogere</span> <span class='ocrx_word' id='word_1_122' title='bbox 262 1100 378 1134; x_wconf 88' lang='lat' dir='ltr'>donec</span> <span class='ocrx_word' id='word_1_123' title='bbox 396 1111 481 1133; x_wconf 87' lang='lat' dir='ltr'>oves</span> <span class='ocrx_word' id='word_1_124' title='bbox 500 1100 665 1143; x_wconf 84' lang='lat' dir='ltr'>stabulis,</span> <span class='ocrx_word' id='word_1_125' title='bbox 688 1112 954 1145; x_wconf 85' lang='lat' dir='ltr'>numerumque</span> <span class='ocrx_word' id='word_1_126' title='bbox 973 1100 1106 1134; x_wconf 85' lang='lat' dir='ltr'>referre</span> 
     </span>
     <span class='ocr_line' id='line_1_20' title="bbox 108 1152 975 1198; baseline 0.001 -12"><span class='ocrx_word' id='word_1_127' title='bbox 108 1152 243 1197; x_wconf 84' lang='lat' dir='ltr'>Jussit,</span> <span class='ocrx_word' id='word_1_128' title='bbox 265 1159 303 1187; x_wconf 81' lang='lat' dir='ltr'>et</span> <span class='ocrx_word' id='word_1_129' title='bbox 321 1153 438 1186; x_wconf 84' lang='lat' dir='ltr'>invito</span> <span class='ocrx_word' id='word_1_130' title='bbox 457 1154 630 1197; x_wconf 87' lang='lat' dir='ltr'>processit</span> <span class='ocrx_word' id='word_1_131' title='bbox 649 1153 789 1198; x_wconf 86' lang='lat' dir='ltr'>Vesper</span> <span class='ocrx_word' id='word_1_132' title='bbox 809 1154 975 1198; x_wconf 84' lang='lat' dir='ltr'>Olympo.</span> 
     </span>
    </p>
   </div>
   <div class='ocr_carea' id='block_1_3' title="bbox 441 1412 1105 1448">
    <p class='ocr_par' dir='ltr' id='par_1_4' title="bbox 441 1412 1105 1448">
     <span class='ocr_line' id='line_1_21' title="bbox 441 1412 1105 1448; baseline 0 0"><span class='ocrx_word' id='word_1_133' title='bbox 441 1413 640 1448; x_wconf 80' lang='lat' dir='ltr'><strong>ECLOGA</strong></span> <span class='ocrx_word' id='word_1_134' title='bbox 668 1412 1105 1448; x_wconf 75' lang='lat' dir='ltr'>VIL-MELIBOEUs</span> 
     </span>
    </p>
   </div>
   <div class='ocr_carea' id='block_1_4' title="bbox 418 1509 1106 1535">
    <p class='ocr_par' dir='ltr' id='par_1_5' title="bbox 418 1509 1106 1535">
     <span class='ocr_line' id='line_1_22' title="bbox 418 1509 1106 1535; baseline 0 -1"><span class='ocrx_word' id='word_1_135' title='bbox 418 1510 626 1534; x_wconf 85' lang='lat' dir='ltr'><strong>MELIBOEUS.</strong></span> <span class='ocrx_word' id='word_1_136' title='bbox 688 1509 875 1534; x_wconf 82' lang='lat' dir='ltr'>CORYDON.</span> <span class='ocrx_word' id='word_1_137' title='bbox 936 1510 1106 1535; x_wconf 84' lang='lat' dir='ltr'>THYRSIS.</span> 
     </span>
    </p>
   </div>
   <div class='ocr_carea' id='block_1_5' title="bbox 105 1570 1229 2251">
    <p class='ocr_par' dir='ltr' id='par_1_6' title="bbox 107 1570 1228 1724">
     <span class='ocr_line' id='line_1_23' title="bbox 159 1570 1188 1615; baseline -0.005 -7"><span class='ocrx_word' id='word_1_138' title='bbox 159 1574 259 1608; x_wconf 83' lang='lat' dir='ltr'><strong>MEL.</strong></span> <span class='ocrx_word' id='word_1_139' title='bbox 292 1572 421 1615; x_wconf 69' lang='lat' dir='ltr'>FORTE</span> <span class='ocrx_word' id='word_1_140' title='bbox 440 1571 507 1604; x_wconf 90' lang='lat' dir='ltr'>sub</span> <span class='ocrx_word' id='word_1_141' title='bbox 526 1572 656 1614; x_wconf 67' lang='lat' dir='ltr'>arguta</span> <span class='ocrx_word' id='word_1_142' title='bbox 675 1570 888 1604; x_wconf 85' lang='lat' dir='ltr'>consederat</span> <span class='ocrx_word' id='word_1_143' title='bbox 908 1570 988 1604; x_wconf 86' lang='lat' dir='ltr'>ilice</span> <span class='ocrx_word' id='word_1_144' title='bbox 1009 1570 1188 1614; x_wconf 83' lang='lat' dir='ltr'>Daphnis,</span> 
     </span>
     <span class='ocr_line' id='line_1_24' title="bbox 107 1623 1228 1671; baseline -0.003 -10"><span class='ocrx_word' id='word_1_145' title='bbox 107 1627 440 1671; x_wconf 87' lang='lat' dir='ltr'>Compulerantque</span> <span class='ocrx_word' id='word_1_146' title='bbox 459 1636 582 1668; x_wconf 79' lang='lat' dir='ltr'>greges</span> <span class='ocrx_word' id='word_1_147' title='bbox 603 1623 773 1667; x_wconf 84' lang='lat' dir='ltr'>Corydon</span> <span class='ocrx_word' id='word_1_148' title='bbox 792 1626 830 1656; x_wconf 85' lang='lat' dir='ltr'>et</span> <span class='ocrx_word' id='word_1_149' title='bbox 850 1623 999 1667; x_wconf 81' lang='lat' dir='ltr'>Thyrsis</span> <span class='ocrx_word' id='word_1_150' title='bbox 1025 1623 1063 1657; x_wconf 90' lang='lat' dir='ltr'>in</span> <span class='ocrx_word' id='word_1_151' title='bbox 1083 1635 1199 1658; x_wconf 84' lang='lat' dir='ltr'>unum</span> <span class='ocrx_word' id='word_1_152' title='bbox 1217 1636 1228 1668; x_wconf 72' lang='grc' dir='ltr'><strong>ς</strong></span> 
     </span>
     <span class='ocr_line' id='line_1_25' title="bbox 107 1676 1081 1724; baseline -0.005 -10"><span class='ocrx_word' id='word_1_153' title='bbox 107 1680 256 1724; x_wconf 85' lang='lat' dir='ltr'>Thyrsis</span> <span class='ocrx_word' id='word_1_154' title='bbox 276 1690 373 1721; x_wconf 86' lang='lat' dir='ltr'>oves,</span> <span class='ocrx_word' id='word_1_155' title='bbox 396 1677 565 1720; x_wconf 81' lang='lat' dir='ltr'>Corydon</span> <span class='ocrx_word' id='word_1_156' title='bbox 584 1677 764 1710; x_wconf 85' lang='lat' dir='ltr'>distentas</span> <span class='ocrx_word' id='word_1_157' title='bbox 784 1676 876 1710; x_wconf 85' lang='lat' dir='ltr'>lacte</span> <span class='ocrx_word' id='word_1_158' title='bbox 897 1677 1051 1720; x_wconf 82' lang='lat' dir='ltr'>capellas</span> <span class='ocrx_word' id='word_1_159' title='bbox 1073 1689 1081 1718; x_wconf 91' lang='lat'>;</span> 
     </span>
    </p>

    <p class='ocr_par' dir='ltr' id='par_1_7' title="bbox 107 1729 946 1773">
     <span class='ocr_line' id='line_1_26' title="bbox 107 1729 946 1773; baseline -0.006 -6"><span class='ocrx_word' id='word_1_160' title='bbox 107 1733 230 1767; x_wconf 89' lang='lat' dir='ltr'>Ambo</span> <span class='ocrx_word' id='word_1_161' title='bbox 251 1732 421 1765; x_wconf 85' lang='lat' dir='ltr'>florentes</span> <span class='ocrx_word' id='word_1_162' title='bbox 441 1730 624 1773; x_wconf 57' lang='lat' dir='ltr'>aetatibus,</span> <span class='ocrx_word' id='word_1_163' title='bbox 647 1729 807 1763; x_wconf 88' lang='lat' dir='ltr'>Arcades</span> <span class='ocrx_word' id='word_1_164' title='bbox 827 1729 946 1773; x_wconf 87' lang='lat' dir='ltr'>ambo,</span> 
     </span>
    </p>

    <p class='ocr_par' dir='ltr' id='par_1_8' title="bbox 105 1782 896 1827">
     <span class='ocr_line' id='line_1_27' title="bbox 105 1782 896 1827; baseline -0.006 -7"><span class='ocrx_word' id='word_1_165' title='bbox 105 1786 156 1819; x_wconf 83' lang='lat' dir='ltr'>Et</span> <span class='ocrx_word' id='word_1_166' title='bbox 175 1787 320 1819; x_wconf 88' lang='lat' dir='ltr'>cantare</span> <span class='ocrx_word' id='word_1_167' title='bbox 339 1795 454 1827; x_wconf 85' lang='lat' dir='ltr'>pares,</span> <span class='ocrx_word' id='word_1_168' title='bbox 477 1785 514 1816; x_wconf 88' lang='lat' dir='ltr'>et</span> <span class='ocrx_word' id='word_1_169' title='bbox 533 1782 749 1826; x_wconf 88' lang='lat' dir='ltr'>respondere</span> <span class='ocrx_word' id='word_1_170' title='bbox 769 1782 896 1826; x_wconf 87' lang='lat' dir='ltr'>parati.</span> 
     </span>
    </p>

    <p class='ocr_par' dir='ltr' id='par_1_9' title="bbox 107 1835 1131 1880">
     <span class='ocr_line' id='line_1_28' title="bbox 107 1835 1131 1880; baseline -0.004 -8"><span class='ocrx_word' id='word_1_171' title='bbox 107 1839 194 1872; x_wconf 89' lang='lat' dir='ltr'>Huc</span> <span class='ocrx_word' id='word_1_172' title='bbox 214 1837 318 1880; x_wconf 89' lang='lat' dir='ltr'>mihi,</span> <span class='ocrx_word' id='word_1_173' title='bbox 341 1837 430 1870; x_wconf 89' lang='lat' dir='ltr'>dum</span> <span class='ocrx_word' id='word_1_174' title='bbox 449 1838 592 1869; x_wconf 82' lang='lat' dir='ltr'>teneras</span> <span class='ocrx_word' id='word_1_175' title='bbox 611 1835 768 1869; x_wconf 88' lang='lat' dir='ltr'>defendo</span> <span class='ocrx_word' id='word_1_176' title='bbox 788 1847 809 1869; x_wconf 89' lang='lat' dir='ltr'>a</span> <span class='ocrx_word' id='word_1_177' title='bbox 827 1835 959 1879; x_wconf 87' lang='lat' dir='ltr'>frigore</span> <span class='ocrx_word' id='word_1_178' title='bbox 979 1837 1131 1879; x_wconf 76' lang='lat' dir='ltr'>myrtos,</span> 
     </span>
    </p>

    <p class='ocr_par' dir='ltr' id='par_1_10' title="bbox 106 1888 1229 2092">
     <span class='ocr_line' id='line_1_29' title="bbox 106 1888 1229 1934; baseline -0.002 -10"><span class='ocrx_word' id='word_1_179' title='bbox 106 1891 176 1924; x_wconf 86' lang='lat' dir='ltr'>Vir</span> <span class='ocrx_word' id='word_1_180' title='bbox 194 1891 310 1934; x_wconf 84' lang='lat' dir='ltr'>gregis</span> <span class='ocrx_word' id='word_1_181' title='bbox 329 1890 405 1933; x_wconf 87' lang='lat' dir='ltr'>ipse</span> <span class='ocrx_word' id='word_1_182' title='bbox 425 1900 531 1932; x_wconf 85' lang='lat' dir='ltr'>caper</span> <span class='ocrx_word' id='word_1_183' title='bbox 550 1889 780 1922; x_wconf 82' lang='lat' dir='ltr'>deerraverat</span> <span class='ocrx_word' id='word_1_184' title='bbox 802 1901 809 1930; x_wconf 90' lang='lat'>;</span> <span class='ocrx_word' id='word_1_185' title='bbox 837 1891 949 1932; x_wconf 83' lang='lat' dir='ltr'>atque</span> <span class='ocrx_word' id='word_1_186' title='bbox 969 1900 1033 1932; x_wconf 80' lang='lat' dir='ltr'>ego</span> <span class='ocrx_word' id='word_1_187' title='bbox 1055 1888 1229 1932; x_wconf 81' lang='lat' dir='ltr'>Daphnin</span> 
     </span>
     <span class='ocr_line' id='line_1_30' title="bbox 106 1941 1149 1987; baseline -0.004 -9"><span class='ocrx_word' id='word_1_188' title='bbox 106 1943 279 1987; x_wconf 87' lang='lat' dir='ltr'>Adspicio</span> <span class='ocrx_word' id='word_1_189' title='bbox 301 1956 307 1978; x_wconf 92' lang='lat'><strong>:</strong></span> <span class='ocrx_word' id='word_1_190' title='bbox 337 1942 397 1975; x_wconf 89' lang='lat' dir='ltr'>ille</span> <span class='ocrx_word' id='word_1_191' title='bbox 416 1942 480 1975; x_wconf 85' lang='lat' dir='ltr'>ubi</span> <span class='ocrx_word' id='word_1_192' title='bbox 499 1953 556 1975; x_wconf 90' lang='lat' dir='ltr'>me</span> <span class='ocrx_word' id='word_1_193' title='bbox 576 1944 702 1975; x_wconf 84' lang='lat' dir='ltr'>contra</span> <span class='ocrx_word' id='word_1_194' title='bbox 722 1941 835 1984; x_wconf 87' lang='lat' dir='ltr'>videt,</span> <span class='ocrx_word' id='word_1_195' title='bbox 860 1942 992 1985; x_wconf 85' lang='lat' dir='ltr'>Ocyus,</span> <span class='ocrx_word' id='word_1_196' title='bbox 1016 1942 1149 1985; x_wconf 82' lang='lat' dir='ltr'>inquit,</span> 
     </span>
     <span class='ocr_line' id='line_1_31' title="bbox 106 1994 1150 2038; baseline -0.002 -8"><span class='ocrx_word' id='word_1_197' title='bbox 106 1997 192 2030; x_wconf 88' lang='lat' dir='ltr'>Huc</span> <span class='ocrx_word' id='word_1_198' title='bbox 212 1996 309 2038; x_wconf 85' lang='lat' dir='ltr'>ades,</span> <span class='ocrx_word' id='word_1_199' title='bbox 331 2007 352 2029; x_wconf 89' lang='lat' dir='ltr'>O</span> <span class='ocrx_word' id='word_1_200' title='bbox 373 1994 545 2028; x_wconf 82' lang='lat' dir='ltr'>Meliboee</span> <span class='ocrx_word' id='word_1_201' title='bbox 565 2007 573 2036; x_wconf 94' lang='lat'>;</span> <span class='ocrx_word' id='word_1_202' title='bbox 602 2006 706 2038; x_wconf 86' lang='lat' dir='ltr'>caper</span> <span class='ocrx_word' id='word_1_203' title='bbox 724 1994 793 2028; x_wconf 91' lang='lat' dir='ltr'>tibi</span> <span class='ocrx_word' id='word_1_204' title='bbox 813 1994 947 2037; x_wconf 88' lang='lat' dir='ltr'>salvus,</span> <span class='ocrx_word' id='word_1_205' title='bbox 971 1997 1008 2028; x_wconf 88' lang='lat' dir='ltr'>et</span> <span class='ocrx_word' id='word_1_206' title='bbox 1026 1994 1124 2028; x_wconf 56' lang='lat' dir='ltr'>haedi</span> <span class='ocrx_word' id='word_1_207' title='bbox 1141 2007 1150 2036; x_wconf 88' lang='lat'>;</span> 
     </span>
     <span class='ocr_line' id='line_1_32' title="bbox 106 2047 1073 2092; baseline -0.001 -9"><span class='ocrx_word' id='word_1_208' title='bbox 106 2050 167 2092; x_wconf 72' lang='lat' dir='ltr'>Et,</span> <span class='ocrx_word' id='word_1_209' title='bbox 191 2050 221 2082; x_wconf 89' lang='lat' dir='ltr'>si</span> <span class='ocrx_word' id='word_1_210' title='bbox 241 2048 329 2092; x_wconf 84' lang='lat' dir='ltr'>quid</span> <span class='ocrx_word' id='word_1_211' title='bbox 350 2059 486 2082; x_wconf 83' lang='lat' dir='ltr'>cessare</span> <span class='ocrx_word' id='word_1_212' title='bbox 506 2050 621 2091; x_wconf 86' lang='lat' dir='ltr'>potes,</span> <span class='ocrx_word' id='word_1_213' title='bbox 644 2047 827 2091; x_wconf 83' lang='lat' dir='ltr'>requiesce</span> <span class='ocrx_word' id='word_1_214' title='bbox 848 2048 915 2081; x_wconf 90' lang='lat' dir='ltr'>sub</span> <span class='ocrx_word' id='word_1_215' title='bbox 935 2047 1073 2082; x_wconf 70' lang='lat' dir='ltr'>umbra.</span> 
     </span>
    </p>

    <p class='ocr_par' dir='ltr' id='par_1_11' title="bbox 106 2100 1000 2145">
     <span class='ocr_line' id='line_1_33' title="bbox 106 2100 1000 2145; baseline -0.001 -10"><span class='ocrx_word' id='word_1_216' title='bbox 106 2102 192 2136; x_wconf 88' lang='lat' dir='ltr'>Huc</span> <span class='ocrx_word' id='word_1_217' title='bbox 212 2101 280 2145; x_wconf 88' lang='lat' dir='ltr'>ipsi</span> <span class='ocrx_word' id='word_1_218' title='bbox 299 2104 428 2145; x_wconf 81' lang='lat' dir='ltr'>potum</span> <span class='ocrx_word' id='word_1_219' title='bbox 448 2100 597 2134; x_wconf 75' lang='lat' dir='ltr'>venient</span> <span class='ocrx_word' id='word_1_220' title='bbox 617 2112 680 2144; x_wconf 89' lang='lat' dir='ltr'>per</span> <span class='ocrx_word' id='word_1_221' title='bbox 699 2103 804 2144; x_wconf 86' lang='lat' dir='ltr'>prata</span> <span class='ocrx_word' id='word_1_222' title='bbox 823 2101 974 2145; x_wconf 80' lang='lat' dir='ltr'>juvenci</span> <span class='ocrx_word' id='word_1_223' title='bbox 991 2114 1000 2143; x_wconf 89' lang='lat'>;</span> 
     </span>
    </p>

    <p class='ocr_par' dir='ltr' id='par_1_12' title="bbox 106 2153 983 2197">
     <span class='ocr_line' id='line_1_34' title="bbox 106 2153 983 2197; baseline -0.002 -9"><span class='ocrx_word' id='word_1_224' title='bbox 106 2155 180 2188; x_wconf 83' lang='lat' dir='ltr'>Hic</span> <span class='ocrx_word' id='word_1_225' title='bbox 199 2154 332 2188; x_wconf 82' lang='lat' dir='ltr'>virides</span> <span class='ocrx_word' id='word_1_226' title='bbox 351 2155 477 2187; x_wconf 74' lang='lat' dir='ltr'>tenera</span> <span class='ocrx_word' id='word_1_227' title='bbox 496 2153 667 2197; x_wconf 80' lang='lat' dir='ltr'>praetexit</span> <span class='ocrx_word' id='word_1_228' title='bbox 687 2153 867 2187; x_wconf 86' lang='lat' dir='ltr'>arundine</span> <span class='ocrx_word' id='word_1_229' title='bbox 887 2154 983 2197; x_wconf 86' lang='lat' dir='ltr'>ripas</span> 
     </span>
    </p>

    <p class='ocr_par' dir='ltr' id='par_1_13' title="bbox 106 2207 1061 2251">
     <span class='ocr_line' id='line_1_35' title="bbox 106 2207 1061 2251; baseline 0 -11"><span class='ocrx_word' id='word_1_230' title='bbox 106 2207 279 2250; x_wconf 83' lang='lat' dir='ltr'>Mincius,</span> <span class='ocrx_word' id='word_1_231' title='bbox 303 2218 395 2251; x_wconf 89' lang='lat' dir='ltr'>eque</span> <span class='ocrx_word' id='word_1_232' title='bbox 416 2208 517 2240; x_wconf 76' lang='lat' dir='ltr'>sacra</span> <span class='ocrx_word' id='word_1_233' title='bbox 536 2209 708 2240; x_wconf 84' lang='lat' dir='ltr'>resonant</span> <span class='ocrx_word' id='word_1_234' title='bbox 728 2207 898 2240; x_wconf 86' lang='lat' dir='ltr'>examina</span> <span class='ocrx_word' id='word_1_235' title='bbox 917 2217 1061 2251; x_wconf 85' lang='lat' dir='ltr'>quercu.</span> 
     </span>
    </p>
   </div>
   <div class='ocr_carea' id='block_1_6' title="bbox 105 2257 1334 2303">
    <p class='ocr_par' dir='ltr' id='par_1_14' title="bbox 105 2257 1334 2303">
     <span class='ocr_line' id='line_1_36' title="bbox 105 2257 1334 2303; baseline -0.003 -9"><span class='ocrx_word' id='word_1_236' title='bbox 105 2260 204 2301; x_wconf 84' lang='lat' dir='ltr'>Quid</span> <span class='ocrx_word' id='word_1_237' title='bbox 223 2260 379 2293; x_wconf 87' lang='lat' dir='ltr'>facerem</span> <span class='ocrx_word' id='word_1_238' title='bbox 396 2260 407 2293; x_wconf 77' lang='lat'><strong><em>2</em></strong></span> <span class='ocrx_word' id='word_1_239' title='bbox 435 2271 554 2303; x_wconf 84' lang='lat' dir='ltr'>neque</span> <span class='ocrx_word' id='word_1_240' title='bbox 574 2271 639 2303; x_wconf 89' lang='lat' dir='ltr'>ego</span> <span class='ocrx_word' id='word_1_241' title='bbox 665 2259 844 2303; x_wconf 86' lang='lat' dir='ltr'>Alcippen</span> <span class='ocrx_word' id='word_1_242' title='bbox 863 2271 929 2293; x_wconf 90' lang='lat' dir='ltr'>nec</span> <span class='ocrx_word' id='word_1_243' title='bbox 949 2258 1123 2302; x_wconf 86' lang='lat' dir='ltr'>Phyllida</span> <span class='ocrx_word' id='word_1_244' title='bbox 1142 2257 1334 2301; x_wconf 87' lang='lat' dir='ltr'>habebam,</span> 
     </span>
    </p>
   </div>
   <div class='ocr_carea' id='block_1_7' title="bbox 106 2312 1178 2409">
    <p class='ocr_par' dir='ltr' id='par_1_15' title="bbox 106 2312 1178 2409">
     <span class='ocr_line' id='line_1_37' title="bbox 106 2312 1027 2357; baseline -0.002 -10"><span class='ocrx_word' id='word_1_245' title='bbox 106 2313 286 2357; x_wconf 84' lang='lat' dir='ltr'>Depulsos</span> <span class='ocrx_word' id='word_1_246' title='bbox 304 2324 326 2346; x_wconf 85' lang='lat' dir='ltr'>a</span> <span class='ocrx_word' id='word_1_247' title='bbox 344 2313 437 2346; x_wconf 82' lang='lat' dir='ltr'>lactc</span> <span class='ocrx_word' id='word_1_248' title='bbox 462 2312 560 2345; x_wconf 80' lang='lat' dir='ltr'>domi</span> <span class='ocrx_word' id='word_1_249' title='bbox 581 2324 663 2356; x_wconf 71' lang='lat' dir='ltr'>quae</span> <span class='ocrx_word' id='word_1_250' title='bbox 683 2312 868 2346; x_wconf 79' lang='lat' dir='ltr'>clauderet</span> <span class='ocrx_word' id='word_1_251' title='bbox 888 2324 998 2356; x_wconf 85' lang='lat' dir='ltr'>agnos</span> <span class='ocrx_word' id='word_1_252' title='bbox 1019 2325 1027 2354; x_wconf 93' lang='lat'>;</span> 
     </span>
     <span class='ocr_line' id='line_1_38' title="bbox 106 2365 1178 2409; baseline -0.001 -10"><span class='ocrx_word' id='word_1_253' title='bbox 106 2366 155 2399; x_wconf 86' lang='lat' dir='ltr'>Et</span> <span class='ocrx_word' id='word_1_254' title='bbox 175 2368 357 2399; x_wconf 78' lang='lat' dir='ltr'>certamen</span> <span class='ocrx_word' id='word_1_255' title='bbox 378 2367 467 2409; x_wconf 85' lang='lat' dir='ltr'>erat,</span> <span class='ocrx_word' id='word_1_256' title='bbox 490 2365 660 2408; x_wconf 87' lang='lat' dir='ltr'>Corydon</span> <span class='ocrx_word' id='word_1_257' title='bbox 681 2376 762 2398; x_wconf 86' lang='grc'><strong>011111</strong></span> <span class='ocrx_word' id='word_1_258' title='bbox 783 2365 972 2408; x_wconf 82' lang='lat' dir='ltr'>Thyrside,</span> <span class='ocrx_word' id='word_1_259' title='bbox 996 2375 1178 2408; x_wconf 85' lang='lat' dir='ltr'>magnum.</span> 
     </span>
    </p>
   </div>
   <div class='ocr_carea' id='block_1_8' title="bbox 1393 298 1418 322">
    <p class='ocr_par' dir='ltr' id='par_1_16' title="bbox 1393 298 1418 322">
     <span class='ocr_line' id='line_1_39' title="bbox 1393 298 1418 322; baseline 0 -4"><span class='ocrx_word' id='word_1_260' title='bbox 1393 298 1418 322; x_wconf 67' lang='lat'>70</span> 
     </span>
    </p>
   </div>
   <div class='ocr_carea' id='block_1_9' title="bbox 1403 1095 1431 1116">
    <p class='ocr_par' dir='ltr' id='par_1_17' title="bbox 1403 1095 1431 1116">
     <span class='ocr_line' id='line_1_40' title="bbox 1403 1095 1431 1116; baseline 0 0"><span class='ocrx_word' id='word_1_261' title='bbox 1403 1095 1431 1116; x_wconf 72' lang='lat'>8⁵</span> 
     </span>
    </p>
   </div>
  </div>
 </body>
</html>
