1528 2569
627 92 760 121 mmm
791 92 846 121 vr.
1344 86 1395 122 05

189 181 348 227 Corpora
364 183 555 223 natorum
583 184 658 216 stat
676 181 794 216 ductis
813 181 971 215 sortibus
989 192 1091 216 urna.

188 238 336 278 contra,
357 235 453 268 elata
470 234 571 277 mari,
595 235 790 278 respondet
810 234 964 268 Gnossia
981 234 1101 269 tellus.

190 288 262 322 Hic
281 287 436 322 crudelis
454 299 555 321 amor
573 288 682 330 tauri,
704 290 950 332 suppostaque
968 287 1067 321 furto

188 341 378 385 Pasiphae,
399 340 631 384 mixtumque
650 352 776 384 genus,
798 340 987 384 prolesque
1008 339 1169 374 biformis
1371 339 1398 360 ²⁵

188 394 421 428 Minotaurus
439 393 546 437 inest,
570 394 722 427 Veneris
741 396 980 427 monumenta
997 393 1173 427 nefandae.

187 447 260 481 Hic
278 447 380 480 labor
397 446 458 480 ille
477 446 619 489 domus,
642 449 679 480 et
697 446 958 480 inextricabilis
977 457 1095 481 error:

187 500 366 544 Magnum
384 499 519 543 reginae
537 499 600 533 sed
619 499 717 533 enim
735 500 926 533 miseratus
945 511 1103 533 amorem

187 553 371 593 Daedahm,
393 553 468 596 ipse
488 552 589 586 dolos
608 553 695 586 tecti
714 553 955 596 ambagesque
973 553 1131 595 resolvit,

188 606 290 640 Oaeca
308 618 435 650 regens
453 606 515 639 filo
534 605 694 649 vestigia.
755 605 809 638 Tu
829 617 901 649 quo
916 617 973 648 {ue
992 617 1160 649 magnam
1372 604 1396 624 ³⁰

189 659 336 693 Partem
357 670 463 703 opere
480 658 519 692 in
538 661 655 701 tauto,
677 658 810 691 sineret
829 658 943 700 dolor,
968 658 1080 701 Icaro,
1102 659 1260 694 haberes,

190 712 254 746 Bis
273 714 423 745 conatus
442 713 519 744 erat
539 722 642 744 casus
661 711 826 754 effingere
846 711 883 744 in
903 722 1011 745 auro:

188 764 252 798 Bis
270 765 398 809 patriae
416 763 574 798 cecidere
593 775 732 797 manus.
793 763 891 804 Quin
910 763 1078 807 protinus
1097 764 1219 798 omnim

188 818 422 862 Perlegerent
440 816 562 859 oculis,
586 819 626 850 ni
640 816 718 860 jam
737 816 943 860 praemissus
962 816 1121 850 Achates

189 871 330 904 Afforet
341 883 349 912 ;
377 874 489 914 atque
508 881 583 903 una
602 869 734 903 Phoebi
753 870 956 913 Triviaeque
975 870 1149 914 sacerdos,
1373 870 1400 890 ³⁵

188 923 376 968 Deiphobe
396 922 537 966 Glauci,
558 923 658 956 fatur
677 934 758 967 quae
777 923 866 956 talia
884 922 977 966 regi:

192 978 218 995 “
234 976 272 1010 N
274 988 321 1011 on
339 976 407 1010 hoc
425 977 496 1010 ista
515 976 584 1009 sibi
601 978 746 1020 tempus
765 976 969 1020 spectacula
986 976 1122 1020 poscit:

190 1029 301 1064 Nunc
319 1041 425 1074 grege
444 1029 490 1063 de
507 1029 645 1063 intacto
664 1031 803 1073 septem
822 1031 979 1062 mactare
993 1029 1171 1073 juvencos

190 1083 421 1125 Praestiterit,
443 1082 598 1116 totidem
616 1082 728 1115 lectas
748 1082 793 1116 de
811 1093 910 1115 more
929 1081 1135 1117 bidentes.⁷⁷

191 1136 339 1170 Talibus
356 1136 466 1170 affata
484 1135 630 1169 AEnean
651 1136 731 1180 (nec
750 1147 849 1170 sacra
866 1137 1056 1169 morantur
1375 1135 1402 1156 ⁴⁰

192 1189 219 1222 J
220 1200 303 1222 ussa
320 1188 403 1233 viri)
424 1189 578 1222 Teucros
597 1190 703 1222 vocat
722 1188 796 1222 alta
814 1188 853 1221 in
872 1188 1009 1232 templa
1027 1189 1201 1233 sacerdos,

191 1241 365 1275 Excisum
384 1241 555 1276 Euboicae
573 1241 670 1275 latus
688 1241 816 1285 ingens
834 1241 935 1285 rupis
953 1241 992 1275 in
1010 1244 1178 1284 antrum3

192 1294 273 1336 Quo
292 1295 360 1328 lati
378 1295 520 1328 ducunt
539 1294 661 1328 aditus
681 1297 838 1337 centum,
864 1294 957 1327 ostia
976 1298 1145 1337 centum3

192 1347 300 1381 Unde
319 1350 433 1381 ruunt
452 1347 608 1381 totidem
627 1359 741 1390 voces,
765 1358 936 1391 responsa
956 1347 1113 1391 Sibyllae.

246 1400 411 1434 Ventum
431 1403 508 1434 erat
527 1400 574 1434 ad
593 1400 716 1443 limen,
739 1411 855 1444 quum
875 1400 986 1444 virgo,
1014 1402 1039 1419 “
1056 1401 1208 1435 Poscere
1227 1402 1304 1437 fata
1377 1402 1404 1422 ⁴⁵

193 1453 388 1498 Tempus,''
409 1453 480 1487 ait:
513 1454 538 1471 “
554 1453 666 1496 Deus,
689 1455 786 1488 ecce!
817 1453 954 1487 Deus.”
1011 1453 1079 1487 Cui
1097 1455 1186 1488 talia
1204 1456 1298 1489 fanti

193 1507 291 1540 Ante
310 1506 416 1549 fores,
439 1506 560 1540 subito
579 1517 654 1540 non
673 1507 811 1549 vultus,
833 1518 907 1540 non
926 1506 1024 1540 color
1042 1519 1150 1549 unus,

194 1559 281 1593 Non
301 1561 454 1603 comptae
473 1560 636 1593 mansere
656 1570 788 1601 comae;
817 1559 880 1592 sed
899 1562 1026 1603 pectus
1045 1561 1229 1605 anhelum,

193 1612 242 1645 Et
260 1612 358 1645 rabie
378 1613 454 1646 fera
473 1612 580 1646 corda
597 1615 764 1654 tument3
793 1612 982 1656 majorque
1001 1613 1128 1657 videri,

194 1665 232 1698 N
235 1677 273 1699 ec
292 1665 443 1699 mortale
463 1677 615 1707 sonans3
643 1666 764 1699 afflata
783 1669 838 1699 est
856 1666 1014 1699 numine.
1027 1666 1176 1710 quando
1378 1666 1406 1686 ⁵⁰

192 1718 219 1752 J
220 1730 279 1752 am
298 1718 463 1762 propiore
482 1718 560 1752 Dei.
624 1719 649 1736 “
663 1718 788 1752 Cessas
806 1719 845 1751 in
864 1721 951 1752 vota
969 1731 1174 1763 precesque,

193 1771 319 1814 Tros‚’'
339 1771 403 1814 ait,
429 1772 454 1789 “
468 1771 615 1805 AEnea?
643 1771 784 1805 cessas?
812 1783 931 1815 neque
951 1772 1046 1805 enim
1067 1776 1152 1806 ante
1173 1773 1361 1807 dehiscent

193 1823 374 1857 Attonitae
393 1835 524 1867 magna
543 1835 605 1858 ora
623 1824 752 1857 domus
773 1824 815 1858 !”
873 1824 922 1857 Et
942 1824 1030 1858 talia
1049 1825 1125 1859 fata

197 1876 401 1911 Conticuit:
429 1876 572 1920 gelidus
592 1877 737 1910 Teucris
756 1889 820 1920 per
839 1876 930 1910 (Iura
949 1878 1109 1911 cucurrit

195 1929 285 1963 Ossa
303 1932 459 1971 tremor;
487 1930 658 1974 fuditque
677 1941 798 1973 preces
817 1941 881 1963 rex
902 1933 1044 1973 pectore
1064 1931 1109 1964 ab
1128 1931 1222 1967 imo:
1379 1930 1407 1950 ⁵⁶

197 1984 222 2001 “
239 1982 390 2026 Phoebe,
413 1994 538 2026 graves
559 1983 677 2027 Trojae
697 1994 837 2026 semper
855 1983 1023 2017 miserate
1043 1983 1183 2017 labores

193 2035 366 2070 Dardana
385 2036 448 2078 cui
467 2036 610 2069 Paridis
629 2036 764 2069 direxti
781 2036 855 2069 tela
874 2047 1077 2081 manusque

194 2088 333 2133 Corpus
351 2089 389 2122 in
410 2089 586 2132 AEacidae,
608 2101 757 2133 magnas
776 2089 950 2123 obeuntia
968 2093 1082 2124 terras

194 2142 263 2175 Tot
282 2142 396 2176 maria
415 2142 561 2185 intravi,
584 2142 675 2175 duce
694 2144 744 2185 te,
766 2142 984 2186 penitusque
1003 2146 1165 2187 repostas

193 2194 399 2239 BIassylum
418 2198 556 2238 gentes,
579 2198 831 2239 praetentaque
852 2194 1021 2240 Syrtibus
1039 2208 1147 2232 arva:
1383 2194 1410 2216 ⁶⁰

193 2247 221 2281 J
222 2259 280 2281 am
299 2248 449 2282 tandem
468 2248 588 2282 Italiae
606 2248 780 2292 fugientis
799 2248 1010 2292 prendimus
1028 2261 1116 2283 oras.

194 2299 276 2334 Hac
295 2301 451 2345 Trojana
469 2303 578 2335 tenus
596 2301 707 2334 fuerit
726 2301 875 2335 fortuna
894 2305 1026 2336 secuta.

197 2351 271 2386 Vos
290 2365 435 2399 quoque
456 2354 662 2399 Pergameae
681 2354 754 2388 iam
773 2355 827 2388 fas
847 2358 900 2388 est
920 2367 1063 2399 parcere
1082 2356 1196 2400 genii,
