1528 2569
628 81 729 108 LIBE
736 82 762 108 R
792 82 880 108 VIII.

206 164 383 199 Ascanius
401 166 487 200 clari
505 167 636 201 condet
656 168 878 211 cognominis
897 169 1035 203 Albam.

207 217 321 252 Haud
338 218 476 253 incerta
495 231 592 254 cano.
653 221 691 254 Ν
693 233 776 264 11110,
792 224 865 265 qua
884 222 1036 266 ratione,
1059 223 1158 266 quod
1177 222 1302 267 instat,

207 269 389 315 Expedias
407 273 534 315 victor,
555 273 678 316 paucis
693 274 870 319 (adverte)
889 275 1034 309 docebo.

206 324 366 357 Arcades
383 325 440 358 his
459 325 541 368 oris,
563 337 689 369 genus,
712 339 732 360 a
751 327 918 361 Pallante
936 328 1152 371 profectum,

207 376 279 418 Qui
295 388 416 419 regem
435 378 647 412 Evandrum
667 380 827 423 comites,
850 381 913 424 qui
932 381 1034 424 signa
1053 381 1179 424 secuti,

205 429 378 473 Delegere
396 431 529 474 locum,
552 435 589 465 et
607 433 756 476 posuere
775 433 814 466 111
833 434 1019 467 montibus
1038 435 1178 478 urbem,

207 482 384 516 Pallantis
403 484 528 527 proavi
547 484 591 518 de
610 486 768 528 nomine,
791 486 1033 520 Pallanteum.

206 535 260 568 Hi
277 535 414 570 bellum
432 537 574 571 assidue
594 538 735 572 ducunt
754 550 837 572 cum
855 542 962 583 gente
982 539 1115 574 Latina
1132 553 1143 582 ;

206 587 286 622 Hos
305 590 430 623 castris
448 590 578 624 adhibe
597 592 721 634 socios,
744 594 781 625 et
799 592 937 626 foedera
951 593 1074 637 junge.

206 641 290 685 Ipse
309 653 373 685 ego
391 645 429 676 te
447 643 536 687 ripis
554 647 590 677 et
610 647 706 678 recto
728 645 875 678 flumine
895 638 1037 688 ducam,

205 694 411 728 Adversum
429 697 538 729 remis
556 708 701 740 superes
720 697 914 731 subvectus
932 700 976 731 ut
995 709 1149 732 amnem.

205 745 331 791 Surge,
352 760 428 791 age,
453 751 536 782 nate
555 749 634 782 Dea
652 763 660 790 ;
688 748 887 794 primisque
908 750 1121 784 cadentibus
1140 751 1246 785 astris

204 798 232 833 J
233 801 347 833 unoni
365 801 419 834 fer
436 801 504 835 rite
523 813 656 845 preces,
677 803 840 846 iramque
859 803 1048 846 minasque

204 851 434 897 Supplicibus
453 866 582 898 supera
600 855 694 889 votis
712 868 718 889 :
746 855 837 889 mihi
855 856 972 889 victor
989 856 1163 890 honorem

204 905 402 941 Persolves.
461 907 538 951 Ego
557 920 650 951 sum,
672 909 781 956 pleno
800 920 909 952 quem
928 909 1076 942 flumine
1095 910 1211 943 cernis

205 958 451 1003 Stringentem
471 961 578 1004 ripas,
600 964 637 994 et
656 961 805 1005 pinguia
824 962 923 996 culta
941 965 1134 1008 secantem,

206 1011 392 1047 Coeruleus
410 1013 550 1057 Tybris,
573 1014 662 1048 coelo
681 1015 906 1058 gratissimus
925 1015 1050 1049 amnis.

205 1064 278 1099 Hic
297 1066 386 1099 mihi
404 1078 534 1110 magna
553 1067 694 1110 domus,
718 1068 820 1101 celsis
839 1071 947 1111 caput
966 1068 1127 1110 urbibus,
1150 1067 1266 1102 exit„

205 1118 311 1152 Dixit
331 1131 338 1153 :
367 1119 498 1153 deinde
517 1120 598 1154 lacu
617 1120 770 1154 Fluvius
789 1132 826 1154 se
846 1121 1009 1154 condidit
1029 1121 1116 1163 alto,

205 1171 286 1205 Ima
302 1174 439 1216 petens.
499 1173 538 1206 N
540 1185 587 1206 ox
606 1174 751 1207 AEnean
771 1185 991 1217 somnusque
1009 1173 1168 1217 reliquit.

206 1224 341 1269 Surgit,
364 1228 400 1259 et
419 1226 559 1259 {etherii
578 1229 743 1270 spectans
762 1227 915 1261 orientia
934 1226 1027 1260 Solis

205 1277 373 1321 Lumina,
390 1279 459 1312 rite
479 1279 575 1313 cavis
594 1279 730 1313 undam
749 1280 794 1314 de
813 1280 962 1313 flumine
982 1280 1110 1324 palmis

205 1331 373 1376 Sustulit,
394 1343 434 1366 ac
453 1333 544 1366 tales
564 1333 693 1366 effudit
712 1333 758 1366 ad
778 1333 914 1366 aethera
932 1344 1037 1366 voces
1057 1345 1063 1366 :

1335 75 1412 113 137

1388 802 1414 819 ἧι)

1388 1328 1412 1351 7t·

208 1385 233 1403 “
249 1384 287 1417 N
289 1385 445 1428 ymphae,
461 1385 660 1419 Laurentes
675 1386 711 1418 N
715 1386 871 1429 ymphae,
884 1397 998 1429 genus
1013 1385 1161 1419 1111111110ι
1171 1398 1178 1411 ε
1195 1385 1290 1418 unde
1307 1388 1373 1426 est,

204 1438 344 1482 Tuque,
368 1450 388 1472 o
407 1438 518 1482 Tybri
535 1442 602 1473 tuo
620 1439 763 1482 genitor
782 1450 865 1473 cum
882 1439 1032 1472 flumine
1050 1442 1187 1481 sancte,

204 1491 367 1535 Accipite
387 1491 544 1535 AEnean,
567 1493 604 1525 et
622 1492 771 1526 tandem
790 1494 907 1526 arcete
925 1492 1077 1536 periclis,

206 1543 286 1585 Quo
305 1547 342 1578 te
362 1556 505 1589 cunque
523 1545 634 1588 lacus,
657 1546 889 1579 miserantem
907 1544 1137 1579 incommoda
1155 1547 1291 1585 iimtzu,

204 1597 321 1631 Fonte
340 1600 454 1641 tenet,
477 1610 695 1642 quocunque
713 1599 789 1632 solo
807 1599 1070 1643 pulcherrimus
1089 1597 1176 1640 exis,

206 1650 354 1695 Semper
371 1652 507 1685 honore
526 1663 619 1694 meo,
641 1663 782 1696 semper
800 1652 1023 1685 celebrabere
1043 1650 1160 1693 donis,

205 1703 377 1748 Corniger
391 1704 637 1748 Hesperidum
655 1705 788 1738 fluvius
806 1707 975 1749 regnator
993 1715 1179 1748 aquarum.

205 1757 315 1790 Adsis
334 1768 354 1790 0
373 1760 532 1800 tantum,
555 1761 592 1791 et
612 1758 760 1802 propius
778 1761 844 1791 tua
862 1757 1012 1791 numina
1032 1757 1160 1790 firmes.
1170 1755 1189 1772 ’'

207 1809 264 1843 Sic
283 1813 471 1853 memorat,
493 1811 726 1854 geminasque
745 1811 833 1854 legit
853 1811 898 1844 de
917 1811 1027 1843 classe
1047 1810 1213 1851 biremes,

206 1862 446 1907 Remigioque
464 1866 567 1907 aptat
587 1875 593 1896 :
623 1864 737 1897 socios
755 1863 864 1897 51111111
882 1863 1032 1896 instruit
1051 1862 1168 1896 armis.

205 1915 297 1949 Ecce
316 1919 440 1950 autem
459 1916 622 1950 subitum
641 1918 752 1960 atque
771 1916 884 1950 oculis
902 1914 1067 1949 mirabile
1085 1916 1288 1948 monstruni
1311 1917 1316 1947 Ξ

206 1968 370 2002 Candida
388 1980 453 2013 per
471 1969 611 2012 sylvam
631 1981 714 2002 011111
733 1969 827 2003 foetu
847 1969 1013 2003 concolor
1031 1968 1112 2001 albo

205 2021 419 2065 Procubuit,
443 2022 623 2066 viridique
642 2022 681 2055 in
700 2022 823 2056 littore
843 2022 1063 2066 conspicitur
1081 2032 1142 2054 sus
1163 2033 1170 2055 z

206 2073 323 2115 Quam
343 2075 424 2118 pius
444 2075 581 2109 AEneas
600 2075 668 2108 tibi
687 2075 796 2118 enim,
817 2073 900 2118 tibi,
922 2075 1081 2108 maxima
1099 2074 1126 2107 J
1129 2084 1213 2116 uno,

204 2127 358 2171 Mactat,
381 2139 480 2162 sacra
498 2129 628 2171 ferens,
651 2130 688 2161 et
708 2140 790 2161 cum
809 2139 914 2172 grege
933 2127 1029 2161 sistit
1048 2127 1094 2161 ad
1113 2138 1221 2160 aram.

204 2179 332 2224 Tybris
351 2183 394 2214 ea
413 2181 578 2224 fluvium,
601 2193 711 2225 quam
730 2181 836 2225 longa
855 2183 921 2224 est,
943 2183 1049 2214 nocte
1067 2181 1271 2213 tumentem

205 2231 338 2276 Leniit,
361 2236 397 2267 et
416 2234 528 2268 tacita
546 2235 703 2268 refluens
722 2234 774 2268 ita
793 2234 960 2268 substitit
978 2233 1092 2275 unda,

205 2285 310 2319 Mitis
329 2288 381 2330 ut,
405 2287 444 2320 in
463 2298 600 2321 morem
621 2287 739 2330 stagni
758 2284 983 2331 placidaeque
1003 2286 1157 2331 paludis,

205 2337 390 2373 Sterneret
408 2351 533 2384 aequor
551 2340 666 2384 aquis,
690 2351 789 2374 remo
808 2342 851 2374 ut
869 2340 1054 2374 luctamen
1073 2339 1222 2373 abesset.

1391 1857 1402 1874 ’ἒ
1405 1858 1418 1875 1)
