1559 2584
69 78 120 116 64

541 89 730 118 VIRGILH
758 90 916 119 AENEIS.

175 175 345 219 (Quando
364 177 464 213 aliud
483 177 574 212 mihi
587 178 668 223 jam
685 179 827 213 miserae
844 179 938 213 nihil
955 179 1033 223 ipsa
1049 177 1208 225 reliqui),

174 230 246 265 Per
264 232 447 266 connubia
465 234 601 275 nostra,
623 243 688 276 per
705 232 869 276 inceptos
888 232 1112 276 Hymenaeos
1127 246 1137 274 ;

175 283 214 317 Si
233 284 324 318 bene
345 285 434 329 quid
454 284 499 318 de
517 287 556 318 te
574 285 703 328 merui,
726 285 798 318 fuit
817 288 883 319 aut
901 285 971 320 tibi
991 285 1188 330 quicquam

173 336 290 371 Dulce
309 349 431 371 meum
449 351 457 379 3
485 337 653 372 miserere
672 338 803 372 domus
820 338 989 383 labentis,
1011 341 1048 373 et
1066 339 1188 384 istam,

175 390 260 433 Oro,
283 390 314 424 si
332 391 413 435 quis
432 390 552 425 adhuc
569 391 736 435 precibus
749 391 861 434 locus,
884 403 977 426 exue
995 395 1166 427 mentem.

175 443 224 476 Te
243 446 390 488 propter
409 444 555 487 Libycae
573 447 711 488 genteS,
733 444 1018 489 Nomadumque
1035 444 1185 489 tyranni

175 495 305 540 Odere,
326 497 459 531 infensi
478 497 578 541 Tyrii
595 510 602 532 :
630 500 667 531 tc
686 500 834 542 propter
851 498 1010 532 eundem

175 548 391 584 Exstinctus
409 550 536 594 pudor,
562 552 610 594 et,
633 553 707 595 qua
726 551 803 584 sola
820 551 937 586 sidera
954 551 1112 595 adibam,

175 602 289 637 Fama
306 603 413 647 prior.
475 603 543 637 Oui
561 615 619 637 me
638 604 894 638 moribundam
913 605 1058 648 deseris,
1081 605 1237 651 hospes?

175 655 259 689 Hoc
277 657 395 690 solum
413 668 546 690 nomen
566 657 738 701 quoniam
757 657 803 691 de
822 657 975 702 conjuge
993 660 1116 693 restat.

176 708 274 750 Quid
292 709 440 744 moror?
466 721 513 743 an
532 722 613 744 mea
631 710 848 754 Pygmalion
867 711 956 745 dum
975 709 1111 746 m'oenia
1129 713 1241 746 frater

174 761 378 797 Destruat‘.2
405 765 470 796 aut
489 767 632 807 captam
653 764 762 798 ducat
782 764 938 798 Getulus
958 765 1110 800 Iarbas?

176 814 314 849 Saltem
333 816 364 849 si
383 827 455 860 qua
473 816 565 850 mihi
583 817 628 850 de
646 819 684 850 te
703 820 871 861 suscepta
885 817 1014 851 fuisset

175 868 276 902 Ante
294 869 421 913 fugam
439 869 581 903 soboles
599 883 606 911 ;
635 870 666 904 si
685 870 766 914 quis
784 870 875 904 mihi
893 871 1067 915 parvulus
1087 872 1174 906 aula

175 921 337 956 Luderet
359 922 506 965 AEneaS‚
530 922 594 967 qui
611 925 648 956 te
667 925 792 957 tamen
812 935 872 957 ore
891 924 1043 958 referret
1060 937 1068 966 ;

175 973 261 1008 Non
284 975 454 1019 equidem
474 976 622 1009 omnino
642 979 747 1020 capta
765 979 830 1010 aut
849 977 994 1011 deserta,
1011 977 1162 1012 viderer.
1170 977 1191 994 ’'

228 1027 392 1062 Dixerat.
453 1028 521 1062 Ille
541 1029 568 1062 J
569 1028 647 1062 ovis
665 1029 815 1063 monitis
832 1030 984 1064 immota
1002 1031 1151 1064 tenebat

177 1079 348 1125 Lumina,
370 1083 408 1115 et
427 1081 585 1115 obnixus
604 1093 726 1115 curam
746 1082 813 1116 sub
833 1082 940 1117 corde
957 1084 1154 1127 premebat.

176 1134 339 1168 Tandem
358 1146 472 1178 pauca
490 1135 601 1168 refert
620 1147 626 1169 :
659 1136 684 1153 ‘⁶
697 1135 774 1179 Ego
793 1137 843 1179 te,
867 1147 949 1180 quae
968 1137 1125 1180 plurima
1144 1137 1256 1171 fando

176 1186 399 1221 Enumerare
418 1187 529 1231 vales,
551 1199 754 1232 nunquam,
777 1189 913 1233 regina,
935 1190 1075 1233 negabo

176 1240 420 1274 Promeritam
438 1254 446 1282 ;
474 1253 540 1275 nec
559 1253 617 1275 me
637 1242 843 1275 meminisse
862 1242 1000 1287 pigebit
1020 1243 1140 1286 Elisae,

176 1293 277 1327 Dum
295 1305 434 1327 memor
451 1294 527 1338 ipse
546 1295 630 1338 mei,
653 1295 743 1328 dum
761 1295 910 1339 spiritus
928 1296 995 1330 hos
1012 1296 1105 1340 regit
1124 1299 1234 1331 artus.

176 1346 250 1380 Pro
268 1359 307 1380 re
325 1359 441 1392 pauca
460 1347 597 1392 loquar.
659 1347 697 1382 N
699 1360 739 1382 ec
758 1360 824 1392 ego
843 1349 937 1383 hanc
956 1350 1175 1384 abscondere
1194 1351 1295 1384 furto

177 1400 338 1444 Speravi,
360 1413 406 1434 ne
426 1401 534 1445 finge,
556 1401 681 1445 fugam
700 1415 707 1443 ;
736 1413 802 1435 nec
822 1402 986 1447 conjugis
1004 1415 1170 1448 unquam

177 1452 366 1487 Praetendi
384 1454 510 1497 taedas,
534 1457 598 1487 aut
618 1455 695 1488 haec
714 1455 752 1488 in
771 1455 909 1489 foedera
930 1456 1022 1490 veni.

176 1505 240 1540 Me
260 1506 290 1540 si
307 1507 384 1540 fata
402 1507 492 1540 meis
509 1510 723 1551 paterentur
740 1508 872 1542 ducere
890 1508 1006 1543 vitam

176 1559 372 1603 Auspiciis,
395 1562 432 1593 et
451 1563 579 1604 sponte
598 1562 681 1594 mea
700 1573 913 1605 componere
934 1573 1048 1605 curas,

178 1611 317 1646 Urbem
337 1613 530 1658 Trojanam
549 1613 707 1657 primum
727 1615 924 1659 dulcesque
943 1627 1108 1649 meorum

176 1665 367 1710 Reliquias
387 1666 541 1700 colerem
559 1680 567 1708 ;
596 1667 734 1700 Priami
752 1671 850 1702 tecta
869 1669 945 1702 alta,
963 1670 1153 1702 manerent
1169 1680 1180 1711 3

177 1718 227 1752 Et
246 1719 405 1753 recidiva
423 1731 535 1754 manu
554 1720 755 1763 posuissem
774 1721 951 1766 Pergama
973 1722 1088 1755 victis.

177 1772 249 1806 Sed
268 1777 368 1806 nunc
387 1773 534 1806 Italiam
553 1784 725 1818 magnam
745 1773 926 1818 Grynaeus
944 1775 1090 1819 Apollo,

177 1824 326 1859 Italiam
345 1825 467 1870 Lyciae
481 1826 622 1870 jussere
643 1838 825 1871 capessere
845 1830 968 1861 sortes.

177 1877 251 1912 Hic
271 1890 383 1923 amor,
406 1879 484 1913 haec
503 1879 621 1924 patria
640 1883 704 1914 cst.
767 1879 805 1913 Si
824 1882 860 1914 te
881 1880 1110 1925 Carthaginis
1130 1892 1228 1915 arces

176 1930 417 1975 Phoenissam,
443 1933 664 1977 Libycaeque
685 1936 852 1977 aspectus
871 1933 1014 1968 detinet
1033 1934 1143 1977 urbis,

177 1984 269 2026 Quae
288 1986 439 2020 tandem
458 1986 625 2020 Ausonia
644 1986 800 2020 Teucros
820 1987 1005 2021 considere
1024 1985 1123 2022 terrai,

176 2038 325 2073 Invidia
343 2041 398 2073 est
416 2039 428 2073 2
455 2042 493 2073 et
511 2051 577 2074 nos
596 2040 651 2073 fas
670 2042 795 2073 extera
814 2051 975 2084 quaerere
995 2052 1114 2085 regna.

177 2091 241 2125 Mc
260 2092 373 2136 patris
392 2092 572 2135 Anchisae,
597 2092 741 2137 quoties
759 2093 996 2127 humentibus
1015 2093 1153 2127 umbris

177 2144 265 2178 Nox
285 2145 402 2190 operit
422 2148 548 2189 terras,
572 2146 715 2190 quotics
734 2149 832 2180 astra
851 2146 957 2190 ignea
975 2149 1141 2191 surgunt,

179 2198 366 2232 Admonet
384 2199 423 2233 in
443 2199 579 2233 somnis
598 2202 635 2232 ct
655 2198 803 2233 turbida
823 2202 935 2234 terret
954 2200 1074 2244 imago
1091 2211 1099 2234 :

177 2251 242 2285 Me
261 2263 352 2296 puer
371 2253 561 2296 Ascanius,
585 2252 784 2296 capitisque
803 2252 939 2297 injuria
959 2253 1043 2296 cari,

178 2304 295 2345 Quem
314 2317 425 2349 regno
445 2305 633 2350 Hesperiae
654 2306 783 2339 fraudo
803 2308 840 2339 et
859 2306 1033 2340 fatalibus
1052 2305 1157 2340 arvis.

175 2355 289 2393 Nunc
308 2359 419 2394 ctiam
437 2359 617 2403 interpres
636 2358 786 2402 Divum,
808 2358 904 2393 Jove
923 2359 1056 2393 missum
1074 2359 1120 2393 ab
1139 2359 1229 2403 ipso,

1344 178 1387 200 315

1355 219 1365 231 ι

1345 445 1389 466 320

1348 976 1392 996 330

1350 1241 1392 1262 335

1351 1507 1396 1529 3⁴0

1352 1772 1395 1794 345

1354 2037 1398 2059 350

1354 2301 1397 2323 355
