1559 2584
171 121 223 159 52

602 131 789 160 VIRGILII
819 131 1052 160 GEORGICA.

273 218 396 261 Quum
416 219 575 264 graviter
592 220 711 254 tunsis
730 219 842 264 gemit
861 231 944 253 area
961 219 1138 263 frugibus,
1157 221 1194 253 et
1213 230 1328 263 quum

274 273 491 317 Surgentem
511 274 557 307 ad
577 273 786 317 Zephyrum
804 272 918 316 paleae
933 272 1123 316 jactantur
1140 273 1276 307 inanes,

273 320 528 370 Hoc⁸faciunt‚
550 327 663 360 nimio
682 338 728 359 ne
747 326 838 359 luxu
857 325 1020 359 obtusior
1037 337 1125 359 usus

274 379 329 413 Sit
349 379 499 423 genitali
518 391 616 422 arvo,
640 381 676 412 et
696 379 813 412 sulcos
832 378 982 412 oblimet
1000 378 1133 412 inertes
1153 391 1161 419 ;

273 431 343 466 Sed
363 433 480 476 rapiat
499 432 624 466 sitiens
643 431 838 475 Venerem,
859 431 1084 475 interiusque
1102 431 1283 465 recondat.

326 485 469 519 Rursus
489 497 574 519 cura
592 487 738 529 patrum
758 484 896 528 cadere,
919 486 956 517 et
976 484 1164 518 succedere
1183 487 1343 518 matrum

273 536 419 581 Incipit.
480 538 629 571 Exactis
649 538 808 581 gravidae
828 549 942 581 quum
960 537 1145 570 mensibus
1165 540 1299 580 errant,

272 590 362 624 Non
380 591 460 624 illas
478 591 648 635 gravibus
669 591 861 635 quisquam
876 591 967 634 juga
985 590 1115 624 ducere
1134 590 1319 634 plaustris,

272 643 361 677 Non
381 644 476 677 saltu
496 656 663 688 superare
683 644 779 678 viam
799 644 846 677 sit
864 655 1002 688 passm,
1024 646 1061 676 et
1079 642 1152 677 acri

273 695 426 741 Carpere
444 700 549 741 prata
566 698 653 741 fuga
671 697 872 741 fluviosque
891 697 1016 730 innare
1034 707 1189 740 rapaces.

276 749 438 784 Saltibus
456 751 495 784 in
515 751 637 784 vacuis
655 753 817 794 pascant,
840 752 877 783 et
895 750 1004 794 plena
1022 749 1223 783 secundum

272 802 445 837 Flumina
464 815 472 837 ε
499 815 646 837 muscus
664 804 740 847 ubi,
756 806 792 837 et
810 803 1028 837 viridissima
1046 802 1207 846 gramine
1227 802 1304 847 ripa
1319 814 1330 845 ;

274 855 536 900 Speluncaeque
556 859 696 900 tegant,
718 859 755 890 et
774 868 882 890 saxea
900 856 1075 900 procubet
1093 856 1232 889 umbra.

327 909 394 943 Est
413 910 512 943 lucos
532 909 638 943 Silari
657 910 759 953 circa,
783 910 998 953 ilicibusque
1017 909 1197 942 virentem

274 961 463 996 Plurimus
481 954 691 996 Alburnum
709 963 879 1006 volitans,
902 963 960 996 cui
978 974 1111 996 nomen
1131 961 1219 995 asilo

273 1014 484 1049 Romanum
504 1019 570 1059 est,
593 1018 737 1050 uestrum
757 1016 859 1050 Graii
877 1016 1017 1049 vertere
1037 1017 1207 1049 vocantes
1227 1027 1236 1057 ;

279 1068 406 1112 Asper,
424 1069 551 1102 acerba
570 1081 702 1103 sonans
723 1082 730 1104 :
759 1081 831 1113 quo
850 1071 930 1102 tota
948 1068 1121 1102 exterrita
1140 1068 1252 1112 sylvis

274 1120 484 1165 Diffugiunt
503 1125 667 1155 armenta
687 1135 695 1164 ;
723 1122 815 1155 furit
833 1122 1034 1166 mugitibus
1053 1121 1169 1155 aether

276 1174 493 1218 CODOUSSUS,
517 1176 716 1219 sylvaeque,
738 1178 775 1208 et
794 1175 877 1208 sicci
895 1176 973 1219 ripa
992 1174 1157 1218 Tanagri.

274 1226 357 1260 Hoc
376 1228 561 1271 quondam
579 1231 742 1262 monstro
760 1228 950 1262 horribiles
969 1228 1130 1261 exercuit
1149 1227 1220 1261 iras

273 1280 435 1314 Inachiae
454 1280 481 1314 J
483 1293 557 1315 uno
577 1284 717 1325 pestem
735 1281 912 1315 meditata
927 1281 1104 1325 juvencae.

274 1332 388 1367 Hunc
408 1345 553 1379 quoque
575 1335 674 1379 (nam
692 1334 822 1368 mediis
841 1335 1045 1368 fervoribus
1064 1334 1180 1368 acrior
1198 1334 1327 1379 instat)

273 1386 426 1420 Arcebis
444 1387 594 1431 gravido
612 1388 733 1432 pecori
753 1400 761 1429 ;
789 1390 1026 1432 armentaque
1045 1399 1168 1431 pasces

274 1439 357 1473 Sole
375 1452 498 1474 recens
517 1443 608 1484 orto,
631 1443 696 1474 aut
715 1443 860 1474 noctem
879 1441 1099 1474 ducentibus
1118 1440 1232 1474 astris,

328 1493 418 1526 Post
437 1496 595 1537 partum,
619 1505 705 1527 cura
723 1494 762 1527 in
781 1494 916 1528 vitulos
934 1494 1142 1527 traducitur
1161 1494 1278 1527 omnis
1297 1506 1303 1529 :

274 1545 532 1590 Continuoque
552 1550 657 1580 notas
677 1549 713 1580 et
732 1548 880 1580 nomina
899 1548 1017 1591 gentis
1036 1547 1191 1580 inurunt
1212 1560 1219 1588 ;

274 1598 324 1633 Et
344 1611 435 1643 quos
454 1602 519 1633 aut
537 1600 657 1644 pecori
675 1600 806 1633 malint
826 1601 1040 1634 submittere
1059 1600 1239 1645 habendo,

275 1652 355 1686 Aut
374 1653 444 1686 aris
464 1665 606 1687 servare
626 1665 755 1696 sacros,
777 1656 842 1687 aut
862 1654 1023 1687 scindere
1043 1656 1189 1696 terram,

275 1704 325 1738 Et
346 1717 513 1750 campum
532 1706 743 1740 horrentem
762 1707 887 1740 fractis
907 1707 1087 1740 invertere
1106 1707 1220 1750 glebis
1239 1718 1247 1742 ε

275 1758 405 1792 Cetera
423 1762 625 1803 pascuntur
643 1759 778 1793 virides
798 1763 963 1793 armenta
982 1772 1045 1804 per
1063 1760 1202 1793 herbas,

275 1811 331 1845 Tu
350 1823 441 1855 quos
460 1812 507 1846 ad
527 1813 692 1846 studium
713 1815 825 1856 atque
844 1825 952 1846 usum
970 1813 1143 1846 formabis
1164 1815 1356 1858 agrestem,

274 1864 301 1899 J
303 1876 362 1898 am
381 1866 516 1899 vitulos
535 1867 690 1909 hortare,
714 1866 886 1910 viamque
905 1867 1030 1899 insiste
1050 1866 1237 1910 domandi,

272 1918 373 1952 Dum
392 1918 514 1952 faciles
534 1919 646 1953 animi
660 1919 855 1963 juvenum,
878 1919 967 1953 dum
986 1919 1131 1953 mobilis
1151 1922 1248 1954 aetas.

273 1971 328 2004 Ac
347 1971 507 2015 primum
526 1973 628 2005 laxos
647 1972 752 2006 tenui
772 1973 816 2006 de
838 1972 973 2006 vimine
993 1973 1118 2006 circlos

273 2024 413 2058 Cervici
432 2026 606 2059 subnecte
626 2038 632 2059 :
662 2025 806 2069 dehinc,
827 2026 893 2059 ubi
911 2026 1025 2060 libera
1043 2026 1135 2060 colla

275 2078 434 2112 servitio
453 2079 645 2121 assum-int,
668 2078 754 2122 ipsis
774 2091 793 2112 e
812 2079 1005 2123 torquibus
1024 2082 1128 2123 aptos

273 2129 300 2164 J
302 2142 398 2174 unge
417 2143 533 2175 pares,
557 2135 594 2166 et
613 2143 697 2176 coge
717 2133 872 2176 gradum
892 2133 1053 2166 conferre
1069 2132 1255 2176 juvencos.

271 2183 397 2228 Atque
416 2185 487 2218 illis
502 2185 581 2229 jam
600 2197 694 2230 srepe
713 2188 804 2219 rotae
824 2186 1006 2219 ducantur
1024 2185 1150 2219 inanes

274 2236 347 2270 Per
365 2239 512 2282 terram,
536 2241 573 2272 ct
592 2250 734 2272 summo
755 2239 907 2282 vestigia
925 2239 1074 2282 pulvere
1094 2239 1245 2282 signent.

272 2289 363 2323 Post
382 2291 503 2324 valido
523 2291 644 2324 nitens
664 2292 731 2325 sub
755 2292 914 2335 pondere
932 2292 1075 2335 faginus
1094 2292 1173 2325 axis

274 2341 474 2387 Instrepat,
498 2347 534 2377 et
549 2345 700 2388 junctos
718 2347 817 2378 temo
836 2346 960 2379 trahat
980 2357 1094 2378 aereus
1117 2345 1230 2380 orbes,

273 2395 421 2430 Interea
439 2397 527 2442 pubi
546 2398 735 2431 indomitae
755 2409 827 2431 non
847 2399 1010 2443 gramina
1029 2400 1188 2443 tantum,

1448 323 1486 344 153⁵

1451 588 1489 608 140

1450 852 1489 873 1⁴⁵

1451 1119 1491 1139 15ss

1454 1385 1492 1404 155

1454 1652 1492 1673 160

1455 1918 1494 1938 1³5

1456 2183 1493 2207 170
