1559 2584
112 92 193 131 198

589 102 775 132 VIRGILII
804 101 958 130 AENEIS.

219 189 465 234 Oonversique
485 190 609 224 oculos
627 190 725 223 inter
745 202 781 223 se
801 193 912 233 atque
932 200 994 223 ora
1013 188 1198 223 tenebant.

219 243 313 276 Tum
332 242 464 285 senior,
487 253 700 286 semperque
720 242 813 276 odiis
833 244 870 275 et
890 242 1038 275 crimine
1057 242 1218 276 Drances

218 295 389 328 Infensus
404 295 534 338 juveni
553 295 688 338 Turno,
711 295 760 328 sic
780 306 840 328 ore
859 295 1018 328 vicissim

220 348 311 382 Orsa
328 348 439 381 refert
457 360 463 381 :
497 349 522 366 ‘⁶
539 348 569 381 Ο
590 348 688 381 fama
706 348 846 391 ingens,
869 347 1052 391 ingentior
1071 346 1193 390 armis,

219 399 290 434 Vir
310 400 478 444 Trojane,
502 401 635 444 qui'us
655 400 746 433 coelo
766 403 804 433 te
823 400 994 433 laudibus
1013 400 1183 443 aequem?
1401 396 1441 417 ¹²⁵

220 453 247 487 J
249 453 437 487 ustitiaene
457 454 557 497 prius
576 453 697 495 mirer,
720 453 854 486 belline
873 452 1066 486 laborum?

221 506 302 540 Nos
319 517 405 540 vero
424 506 502 539 haec
522 506 677 549 patriam
696 506 790 549 grati
809 505 1006 539 referemus
1025 504 1071 538 ad
1090 504 1228 539 urbem.

223 559 273 592 Et
291 561 343 602 te,
366 559 397 591 si
416 570 489 602 qua
509 559 605 592 *siam
626 559 768 592 dederit
788 558 950 601 fortuna,
973 558 1105 591 Latino

221 612 429 655 Jungemus
448 611 523 655 regi
544 623 550 645 :
580 614 722 655 quaerat
742 611 811 644 sibi
830 611 969 644 foedera
988 611 1141 644 Turnus.

223 663 322 705 Quin
342 667 378 698 et
397 665 527 698 fatales
546 676 733 698 murorum
753 664 920 697 attollere
940 663 1065 706 moles,
1405 659 1444 680 ¹³⁰

226 717 395 761 Saxaque
416 718 628 751 subvectare
648 716 809 750 humeris
829 717 987 760 Trojana
1003 715 1159 760 juvabit.
1168 714 1188 732 ''

223 770 377 804 Dixerat
398 770 476 805 haec
497 783 504 811 3
533 781 682 814 unoque
702 781 827 803 omnes
847 770 975 803 eadem
995 780 1055 802 ore
1074 768 1288 802 fremebant.

225 823 288 856 Bis
308 835 413 857 senos
431 823 599 867 pepigere
619 823 696 856 dies
717 836 724 864 ;
753 825 790 856 et
809 834 895 866 pace
915 823 1104 866 sequestra

226 876 299 910 Per
318 876 440 920 sylvas
461 875 601 918 Teucri,
624 875 804 919 mixtique
824 876 973 919 impune
993 874 1128 918 Latini,

224 928 400 963 Erravere
415 929 514 973 jugis
534 942 540 962 ;
570 928 665 962 ferro
685 931 791 961 sonat
810 928 882 961 icta
902 927 1052 971 bipenni
1404 923 1445 944 ¹³⁵

226 981 411 1015 Fraxinus
428 995 436 1023 ;
465 983 637 1015 evertunt
657 984 754 1015 actas
774 981 820 1014 ad
840 981 956 1014 sidera
975 980 1083 1024 pinus
1108 992 1116 1020 ;

225 1034 374 1068 Robora
393 1045 459 1067 nec
479 1034 616 1076 cuneis,
638 1036 675 1067 et
695 1034 855 1067 olentem
875 1033 1037 1066 scindere
1057 1032 1217 1076 cedrum,

227 1087 266 1120 N
269 1099 308 1120 ec
327 1087 502 1131 plaustris
522 1089 664 1120 cessant
683 1088 827 1120 vectare
846 1085 1076 1129 gementibus
1095 1096 1212 1120 ornos.

280 1140 330 1173 Et
345 1139 423 1184 jam
443 1139 558 1173 Fama
577 1139 716 1182 volans,
740 1138 838 1172 tanti
856 1138 1064 1182 praenuntia
1083 1138 1219 1180 luctus,

227 1192 444 1227 Evandrum
464 1192 700 1236 Evandrique
720 1191 848 1225 domos
867 1194 904 1224 et
924 1191 1060 1224 moenia
1079 1190 1235 1234 complet
1251 1203 1260 1232 ;
1409 1187 1451 1207 ¹⁴⁰

230 1245 322 1287 Quae
342 1245 450 1279 modo
470 1245 646 1279 victorem
669 1245 772 1278 Latio
792 1244 962 1278 Pallanta
982 1244 1130 1277 ferebat.

228 1298 388 1332 Arcades
408 1298 455 1332 ad
474 1301 598 1342 portas
617 1309 734 1341 ruere,
757 1299 794 1331 et
814 1297 860 1330 de
879 1308 978 1330 more
999 1298 1144 1330 vetusto

229 1351 415 1385 Funereas
434 1351 587 1395 rapuere
606 1351 702 1384 faces
719 1364 725 1385 z
755 1351 854 1383 lucet
874 1350 933 1383 via
952 1350 1061 1393 longo

230 1403 368 1438 Ordine
392 1404 634 1447 flammarum,
657 1406 694 1438 et
713 1403 786 1437 late
806 1402 1033 1436 discriminat
1053 1412 1166 1446 agros.

230 1457 366 1491 Contra
386 1457 495 1490 turba
514 1457 704 1501 Phrygum
724 1456 873 1490 veniens
892 1456 1103 1499 plangentia
1118 1455 1282 1499 jungunt
1413 1451 1453 1471 ¹⁴⁵

231 1510 391 1554 Agmina
411 1523 417 1544 :
448 1521 531 1554 quae
551 1512 747 1553 postquam
767 1511 902 1542 matres
923 1508 1114 1542 succedere
1134 1508 1242 1541 tectis

231 1563 430 1604 Viderunt,
457 1565 628 1596 moestam
649 1562 851 1595 incendunt
872 1561 1089 1594 clamoribus
1108 1560 1247 1594 urbem.

234 1617 286 1649 At
305 1627 380 1650 non
399 1615 613 1649 Evandrum
632 1615 728 1659 potis
747 1617 802 1648 cst
822 1614 877 1647 vis
896 1614 972 1647 ulla
991 1616 1115 1647 tenere
1137 1627 1145 1655 ;

232 1669 304 1703 Sed
323 1668 426 1703 venit
445 1668 484 1701 in
503 1668 643 1702 medios
664 1681 670 1702 :
699 1668 834 1701 feretro
854 1667 1024 1700 Pallanta
1043 1668 1190 1710 reposto

233 1721 436 1756 Procubuit
456 1733 576 1765 super,
595 1723 706 1765 atque
726 1720 841 1753 haeret
860 1720 1137 1763 lacrymansque
1155 1729 1375 1763 gemensque
1389 1730 1398 1760 ;
1413 1715 1452 1736 ¹⁵⁰

232 1774 282 1808 Et
304 1775 361 1808 via
379 1775 443 1808 vix
465 1774 614 1808 tandem
634 1773 716 1807 voci
735 1773 858 1807 laxata
877 1772 1000 1805 dolore
1020 1775 1075 1805 est
1096 1784 1103 1806 :

236 1829 263 1846 “
279 1828 317 1861 N
319 1839 366 1861 on
385 1827 476 1870 haec,
498 1839 519 1861 o
539 1827 656 1869 Palla,
680 1826 831 1860 dederas
850 1825 1026 1869 promissa
1044 1824 1200 1868 parenti,

233 1880 386 1915 Cautius
404 1882 447 1913 ut
468 1891 564 1914 saevo
584 1880 696 1914 velles
716 1882 753 1913 te
774 1879 919 1913 credere
940 1878 1056 1911 Marti
1075 1879 1083 1912 l

235 1933 350 1968 Haud
368 1933 516 1978 ignarus
536 1944 647 1976 eram,
671 1935 853 1977 quantum
872 1942 968 1965 nova
986 1930 1101 1975 gloria
1119 1929 1159 1964 in
1178 1929 1300 1973 armis,

233 1986 283 2020 Et
302 1986 486 2031 praedulce
507 1986 617 2020 decus
636 1985 754 2030 primo
774 1984 971 2019 certamine
991 1985 1123 2028 posset.
1415 1979 1456 2001 ¹⁵⁵

234 2039 416 2073 Primitiae
432 2038 581 2083 juvenis
601 2038 742 2072 miserae
760 2039 766 2072 !
797 2037 958 2081 bellique
977 2034 1175 2081 propinqui

234 2092 338 2127 Dura
357 2091 568 2126 rudimenta
584 2093 591 2126 Ξ
622 2094 659 2125 et
678 2091 772 2125 nulli
792 2089 966 2125 exaudita
985 2090 1148 2123 Deorum

235 2145 346 2189 Vota,
369 2156 566 2190 precesque
585 2155 676 2179 meae
694 2145 700 2178 !
731 2146 861 2188 tuque,
882 2154 904 2177 o
924 2142 1151 2177 sanctissima
1170 2140 1319 2185 conjux,

234 2199 341 2232 Felix
361 2201 479 2232 morte
499 2199 580 2240 tua,
604 2208 723 2241 neque
738 2199 782 2231 tu
801 2196 901 2230 hunc
920 2198 1066 2230 servata
1084 2194 1247 2228 dolorem
1266 2195 1274 2228 2

235 2251 372 2285 Contra
392 2262 457 2295 ego
477 2250 636 2284 vivendo
655 2250 726 2284 vici
745 2261 827 2284 mea
845 2250 934 2292 fata,
957 2250 1139 2292 superstes
1416 2243 1456 2265 ¹⁶⁰

235 2304 428 2338 Restarem
449 2305 490 2337 ut
509 2303 662 2347 genitor.
725 2303 857 2337 Troum
880 2301 975 2336 socia
993 2312 1094 2335 arma
1114 2302 1282 2334 secutum

236 2357 443 2392 Obruerent
463 2356 596 2391 Rutuli
615 2356 698 2391 telis
719 2358 725 2392 ἔ
757 2355 919 2390 animam
937 2354 1013 2399 ipse
1032 2352 1227 2397 dedissem,
