1528 2569
552 147 621 173 VIR
627 147 736 174 G1L11
772 148 1038 175 CATALECTA.
1373 143 1450 179 107

403 285 645 320 XIII.—AD
673 286 952 321 ANTONIUM
980 287 1178 324 MUSAM.

241 372 480 416 Quocumque
498 372 550 405 ire
569 373 693 406 ferunt
712 374 832 407 variae
850 385 916 407 nos
934 376 1097 417 tempora
1116 375 1225 418 vitae,

293 425 452 469 Tangere
472 436 562 468 quas
580 428 706 468 terras,
729 438 892 470 quosque
910 427 1032 460 videre
1051 427 1215 461 homines
1235 440 1243 462 :

240 478 462 522 Dispeream,
485 478 515 511 si
533 481 570 512 te
589 479 699 512 fuen't
718 479 808 512 mihi
827 480 941 513 carior
958 480 1058 514 alter.

295 532 401 565 Alter
420 531 516 564 enim
536 531 617 575 quis
635 534 673 564 te
693 532 831 566 dulcior
850 544 924 566 esse
943 535 1076 576 potest,

241 584 309 618 Cui
328 584 455 618 Venus
473 587 558 617 ante
577 585 677 627 alios,
700 585 787 628 divi,
810 585 1008 629 divumque
1028 597 1166 620 sorores

293 637 444 680 Cuncta,
466 649 583 681 neque
602 637 765 681 indigno,
787 637 908 681 BIusa,
931 638 1061 672 dedere
1080 639 1188 682 bona,

239 689 390 732 Cuncta,
414 690 546 733 quibus
565 690 700 733 gaudet
716 688 859 724 ‘Phoebi
879 691 1008 724 chorus
1026 691 1175 735 ipseque
1196 692 1366 726 Phoebus
1387 706 1393 728 z

290 743 442 776 Doctior
459 754 481 776 o
501 742 582 786 quis
600 746 650 786 te,
672 743 793 786 Musa,
815 744 926 777 fuisse
945 744 1088 787 potest?

238 795 269 829 O
289 796 370 839 quis
387 798 425 828 te
443 795 483 828 in
501 795 606 829 terris
624 796 791 840 loquitur
808 796 1002 830 iucundior
1019 808 1094 830 uno
1111 797 1124 831 ⁶!

290 848 367 882 Clio
386 851 463 882 tam
483 851 579 881 certe
599 849 754 883 candida
771 861 847 883 non
866 850 1037 893 loquitur.

238 901 358 942 Quare
377 901 469 935 illud
489 901 576 935 satis
595 904 662 945 est,
686 902 716 935 si
733 905 771 935 te
790 903 971 946 permittis
991 903 1103 936 amari
1121 917 1128 943 ;

288 954 388 998 Non,
411 957 537 988 contra
556 957 599 988 ut
617 954 664 988 sit
683 967 785 989 amor
802 958 954 989 mutuus
972 956 1059 989 inde
1078 956 1177 990 mihi.

1422 849 1447 868 10

420 1099 526 1134 XIV.
533 1099 648 1133 —IN
676 1099 885 1134 OOTAVII
917 1099 1147 1134 MORTEM.

235 1185 325 1227 Quis
345 1185 445 1228 deus,
469 1185 611 1228 Octavi,
633 1187 671 1218 te
690 1185 794 1219 nobis
814 1185 993 1219 abstulit?
1020 1197 1066 1219 an
1087 1197 1179 1229 quae

287 1238 471 1272 Dicuntur
488 1238 601 1272 nimio
620 1238 751 1282 pocula
770 1239 860 1272 dura
878 1250 977 1272 mero
992 1238 1004 1272 ’ἒ

235 1291 351 1325 Vobis
370 1291 401 1324 si
420 1291 525 1335 culpa
544 1294 598 1324 est
616 1291 700 1324 bih's
716 1304 725 1333 3
753 1303 818 1325 sua
837 1303 1018 1335 quemque
1038 1295 1242 1335 sequuntur

287 1345 381 1378 Fata
401 1357 408 1379 :
437 1344 536 1388 quod
555 1344 730 1377 immeriti
747 1344 883 1377 crimen
901 1345 1038 1378 habent
1057 1345 1207 1388 cyathi?

234 1398 375 1441 Scripta
394 1397 540 1441 quidem
559 1400 626 1430 tua
644 1408 711 1430 nos
728 1397 889 1430 multum
907 1397 1131 1440 mirabimur,
1153 1400 1189 1431 et
1207 1400 1246 1431 te

287 1451 451 1494 Raptum
469 1453 507 1483 et
525 1450 730 1484 Romanam
749 1450 916 1483 flebimus
933 1450 1122 1484 historiam
1139 1463 1148 1491 ;

235 1503 305 1538 Sed
324 1506 367 1537 tu
386 1503 511 1536 nullus
531 1503 609 1537 eris.
670 1503 848 1546 Perversi,
871 1503 993 1546 dieite,
1015 1503 1158 1546 Manes,

285 1556 398 1590 Hunc
417 1567 601 1600 superesse
619 1556 716 1600 patri
734 1568 826 1600 quae
845 1557 917 1590 fuit
935 1556 1074 1590 invidia
1089 1556 1100 1590 2

510 1690 828 1721 XV.—VIRGILII
853 1690 1058 1721 MARONIS

138 1780 462 1816 FRAGMENTA
489 1779 561 1813 EX
588 1779 843 1823 EPISTOLA,
876 1779 1025 1820 QUAM
1053 1780 1123 1813 AD
1148 1779 1434 1814 AUGUSTUM

225 1832 497 1867 CAESAREM
528 1832 693 1866 SUPER
719 1833 951 1866 AENEIDE
981 1833 1078 1867 SUA
1109 1833 1343 1867 SCRIPSIT.

176 1930 254 1974 Ego
273 1941 358 1964 vero
377 1930 587 1972 frequentes
605 1941 627 1963 a
644 1931 681 1962 te
700 1928 824 1962 literas
843 1928 988 1972 accipio.
1021 1928 1071 1962 Et
1089 1928 1191 1972 infra
1205 1940 1216 1962 .·
1246 1928 1302 1962 De
1322 1928 1446 1962 Aenea

125 1984 272 2028 quidem
303 1994 397 2025 meo,
432 1982 474 2025 si,
507 1993 565 2015 me
598 1982 789 2024 Hercules,
821 1981 893 2015 iam
925 1982 1078 2025 dignum
1108 1981 1256 2014 auribus
1274 1981 1444 2015 haberem

123 2037 210 2080 tuis,
231 2036 388 2070 libenter
406 2035 599 2069 mitterem.
660 2034 731 2068 Sed
749 2037 896 2068 tantum
915 2035 1086 2068 inchoata
1104 2045 1161 2067 res
1180 2036 1247 2077 est,
1268 2037 1313 2067 ut
1331 2045 1445 2077 paene

124 2090 214 2124 vitio
233 2089 367 2123 mentis
385 2090 533 2122 tantum
552 2099 642 2132 opus
660 2087 841 2131 ingressus
852 2087 943 2120 mihi
954 2087 1097 2121 videar:
1121 2098 1203 2120 cum
1217 2087 1442 2131 praesertim,

122 2146 167 2178 ut
196 2143 275 2186 seis,
304 2142 375 2176 alia
407 2152 552 2186 quoque
582 2141 705 2174 studia
728 2140 775 2174 ad
798 2141 834 2174 id
870 2151 972 2184 OPUS,
1000 2140 1190 2184 multoque
1203 2140 1358 2184 potiora,
1379 2140 1441 2174 im-

123 2197 266 2241 pertiar.
