1528 2569
668 122 802 149 LIBER
831 122 888 149 Iv.

225 211 412 252 Obviaque
430 209 596 253 hospitiis
615 213 739 244 teneat
758 210 1012 244 frondentibus
1031 211 1144 244 arbos.

223 262 270 296 In
287 261 459 305 medium,
483 274 546 296 seu
565 264 676 296 stabit
695 264 802 306 iners,
824 275 886 297 seu
900 264 1056 307 profluet
1074 264 1217 308 humor,

225 316 460 350 Transversas
479 316 603 349 salices
622 319 659 350 et
678 317 828 360 grandia
847 317 983 361 conjice
1002 329 1089 350 saxa
1110 331 1117 359 ;

225 369 406 403 Pontibus
424 371 467 402 ut
487 369 618 403 crebris
637 370 775 413 possint
795 370 998 412 consistere,
1022 373 1058 403 et
1077 371 1151 404 alas

224 422 390 457 Pandere
409 422 455 455 ad
475 422 643 455 aestivum
662 423 774 455 solem
795 435 802 463 ;
831 423 861 455 si
878 423 972 456 forte
991 426 1175 457 morantes

226 475 416 518 Sparserit,
439 478 503 508 aut
522 486 680 518 praeceps
700 475 876 519 Neptuno
895 475 1111 510 immerserit
1130 476 1257 511 Eurus.

223 528 316 561 Haec
334 528 469 561 circum
488 528 591 561 casiae
610 528 754 571 virides,
777 531 814 562 et
833 529 969 562 olentia
986 529 1059 562 late

225 580 401 624 Serpylla,
423 584 460 614 et
479 581 636 624 graviter
654 581 824 624 spirantis
842 582 943 625 copia
961 582 1141 625 thymbrae

223 634 381 676 Floreat,
403 634 652 678 irriguumque
671 635 798 667 bibant
816 635 965 667 violaria
984 635 1132 669 fontem.

277 686 362 730 Ipsa
380 690 514 729 autem,
532 698 601 731 *seu
620 687 811 720 corticibus
829 687 898 720 tibi
917 690 1000 720 suta
1019 688 1165 731 cavatis,

224 739 296 774 Seu
314 740 413 773 lento
432 739 570 772 fuerint
589 739 745 772 alvearia
763 739 898 773 vimine
917 742 1030 783 texta,

223 793 409 836 Angustos
427 793 585 826 habeant
605 793 726 825 aditus
747 805 754 834 3
782 804 868 826 nam
886 793 1017 836 frigore
1037 793 1145 826 mella

224 846 328 889 Cogit
347 846 474 888 hiems,
497 846 694 889 eademque
714 846 810 879 calor
828 846 1023 889 liquefacta
1041 847 1197 880 remittit
1219 861 1224 880 :

223 899 389 942 Utraque
408 899 462 931 vis
481 899 608 942 apibus
626 899 761 942 pariter
778 899 976 932 metuenda
993 912 1000 939 ;
1031 911 1147 943 neque
1166 900 1237 933 fflae

223 952 262 985 Ν
264 952 478 996 equicquam
497 952 536 984 in
555 952 661 985 tectis
681 952 846 985 certatim
864 952 990 985 tenuia
1008 954 1089 985 cera

224 1005 454 1048 Spiramenta
471 1005 605 1047 linunt,
627 1005 783 1048 fucoque
803 1007 839 1038 et
859 1005 1007 1038 fioribus
1027 1017 1105 1038 oras

223 1058 396 1102 Explent,
419 1058 683 1102 collectumque
702 1058 780 1091 liaec
798 1058 875 1102 ipsa
894 1058 940 1091 ad
959 1070 1110 1091 munera
1128 1059 1255 1102 gluten

223 1111 273 1145 Et
291 1111 388 1145 visco
407 1114 444 1145 et
463 1111 632 1154 Phrygiae
651 1114 798 1144 servant
817 1111 894 1154 pice
914 1111 1049 1144 lentius
1069 1111 1156 1145 Idae.

224 1163 326 1208 Saepe
346 1165 456 1198 etiam
475 1165 611 1197 effossis
631 1164 676 1209 (si
695 1176 780 1198 vera
799 1167 853 1197 est
872 1164 982 1208 fama)
1003 1164 1151 1197 latebris

225 1218 300 1251 Sub
319 1220 416 1251 terra
433 1217 555 1251 fovere
574 1218 699 1259 larem,
721 1218 939 1261 penitusque
958 1220 1111 1260 repertae

223 1271 508 1314 Pumicibusque
527 1271 634 1313 cavis,
657 1282 844 1314 exesaeque
863 1270 999 1303 arboris
1019 1273 1134 1304 antro.

225 1324 279 1357 Tu
297 1326 421 1357 tamen
439 1326 476 1356 et
494 1323 567 1356 levi
584 1324 717 1357 rimosa
735 1323 868 1357 cubilia
885 1323 971 1356 limo

224 1376 329 1420 Unge
348 1377 475 1410 fovens
494 1377 640 1419 circum,
663 1379 700 1410 et
719 1387 816 1409 raras
835 1376 1051 1420 superinjice
1070 1376 1227 1411 frondes.

223 1430 308 1464 Neu
326 1430 473 1474 propius
490 1429 596 1463 tectis
613 1432 743 1463 taxum
761 1429 849 1472 sine,
872 1440 963 1462 neve
981 1429 1154 1462 rubentes

224 1483 298 1517 Ure
317 1483 396 1516 foco
417 1494 562 1516 cancros
579 1496 587 1524 3
616 1483 700 1516 altae
718 1494 790 1516 neu
811 1480 914 1516 cr‘ede
933 1482 1060 1526 paludi
1081 1495 1088 1523 3

223 1537 302 1570 Aut
320 1536 384 1569 ubi
403 1536 492 1569 odor
511 1536 605 1569 coeni
623 1536 754 1580 gravis,
776 1538 841 1569 aut
860 1535 924 1568 ubi
944 1546 1103 1568 concava
1122 1535 1230 1578 pulsu

224 1590 319 1624 Saxa
337 1592 481 1632 sonant,
502 1589 672 1633 vocisque
692 1590 828 1622 offensa
846 1588 998 1622 resultat
1016 1588 1144 1632 imago.

277 1642 382 1683 Quod
402 1645 575 1686 superest,
598 1642 662 1676 ubi
680 1643 822 1686 pulsam
840 1642 996 1675 hiemem
1017 1641 1079 1675 Sol
1097 1652 1228 1675 aureus
1246 1641 1320 1685 egit

226 1696 301 1730 Sub
321 1699 446 1737 terras,
470 1696 675 1739 coelumque
695 1696 822 1729 aestiva
839 1695 919 1729 luce
938 1695 1098 1738 reclusit,

225 1749 304 1782 111ae
325 1749 499 1782 continuo
519 1749 633 1782 saltus
653 1749 833 1793 silvasque
855 1750 1058 1792 peragrant,

224 1802 506 1846 Purpureosque
525 1804 671 1835 metunt
690 1802 806 1844 fiores,
829 1805 866 1835 et
885 1801 1036 1834 flumina
1054 1800 1173 1833 libant

223 1855 374 1888 Summa
390 1855 498 1889 leves.
558 1855 658 1888 Hinc
677 1855 796 1888 nescio
816 1857 889 1898 qua
907 1854 1098 1888 dulcedine
1117 1853 1213 1887 laetae

224 1908 446 1952 Progeniem
464 1908 643 1952 nidosque
661 1908 789 1942 fovent
807 1921 815 1949 ;
843 1907 928 1940 hinc
948 1909 1025 1940 arte
1046 1910 1208 1940 recentes

224 1961 424 1995 Excudunt
443 1973 553 2004 ceras,
575 1965 612 1995 et
630 1961 739 1995 mella
756 1961 898 1995 tenacia
917 1961 1069 2004 fingunt.

225 2014 325 2048 Hinc
343 2014 408 2047 ubi
422 2014 500 2058 jam
520 2015 690 2048 emissum
709 2015 827 2048 caveis
845 2014 891 2047 ad
911 2014 1028 2047 sidera
1048 2013 1130 2046 coeli

224 2067 264 2101 N
265 2079 325 2101 are
343 2079 409 2111 per
427 2070 592 2101 aestatem
611 2067 788 2111 liquidam
804 2067 1006 2110 suspexeris
1025 2077 1165 2109 agmen,

225 2120 498 2164 obscuramque
516 2120 613 2154 trahi
631 2123 742 2154 vento
760 2120 936 2153 mirabere
955 2119 1103 2161 nubem,

225 2173 499 2218 Contemplator
518 2187 526 2215 ;
555 2185 667 2218 aquas
686 2174 810 2207 dulces
829 2175 866 2206 et
884 2172 1036 2206 frondea
1054 2183 1194 2216 semper

226 2227 336 2261 Tecta
354 2230 487 2271 petunt
509 2239 515 2261 :
543 2227 615 2260 huc
634 2230 677 2260 tu
692 2227 812 2270 jussos
831 2237 978 2269 asperge
998 2236 1153 2268 sapores,

226 2280 327 2314 Trita
345 2280 588 2324 melisphylla,
610 2283 647 2314 et
667 2280 839 2314 cerinthae
857 2279 1014 2322 ignobile
1033 2289 1181 2322 gramen
1201 2290 1210 2319 ;

226 2332 469 2377 Tinnitusque
489 2334 553 2376 cie,
576 2337 613 2367 et
633 2333 764 2367 Matris
784 2335 894 2377 quate
914 2332 1080 2376 cymbala
1099 2332 1243 2365 circuni.

228 2385 322 2428 Ipsae
342 2386 530 2419 consident
549 2386 738 2420 medicatis
756 2386 902 2420 sedibus
924 2398 933 2426 3
961 2385 1048 2427 ipsae

1408 528 1435 548 30

1408 791 1435 811 35

1407 1055 1434 1076 ⁴⁰

1409 1320 1435 1340 45

1409 1584 1437 1605 5⁰

1412 1851 1438 1869 55

1414 2115 1440 2135 60

1414 2380 1440 2400 Εὖ
