1528 2569
632 80 766 107 LIBER
795 80 857 106 111.

199 165 404 210 Errantem,
427 166 549 211 Gyaro
568 167 663 201 celsa
683 167 917 211 Myconoque
936 167 1109 210 revinxit,

198 218 467 263 Immotamque
486 220 555 253 coli
574 220 676 254 dedit
695 223 731 254 et
750 223 980 254 contemnere
997 223 1135 254 ventos.

197 271 284 305 Huc
300 271 396 305 feror
411 285 419 314 3
447 272 526 305 haec
543 273 654 306 fessos
672 276 754 306 tuto
773 273 1015 317 placidissima
1032 276 1142 317 portu

197 324 340 368 Accipit
358 336 364 358 :
394 325 525 368 egressi
544 337 759 359 veneramur
778 326 958 370 Apollinis
977 326 1115 359 urbem.

197 376 279 410 Rex
297 377 426 420 Anius,
448 389 511 411 rex
531 378 628 411 idem
647 378 837 412 hominum
857 378 1059 422 Phoebique
1079 377 1255 422 sacerdos,

197 429 314 463 Vittis
333 432 370 463 et
389 433 491 464 sacra
508 431 700 464 redimitus
719 434 884 475 tempora
902 431 1016 474 lauro,

197 482 364 516 Occurrit
380 495 388 524 ;
416 486 575 517 veterem
595 484 778 517 Anchisen
797 485 960 527 agnoscit
979 483 1136 517 amicum
1153 496 1162 525 ;

197 535 224 568 J
226 536 397 579 ungimus
414 535 571 580 hospitio
590 536 749 579 dextras,
772 539 809 570 et
828 539 926 570 tecta
945 537 1118 570 subimus.

196 588 346 632 Templa
360 588 429 621 Dei
447 600 533 622 saxo
553 589 750 622 venerabar
768 592 906 622 structa
924 591 1069 622 vetusto
1090 600 1097 622 ε

201 642 226 658 “
242 641 300 674 Da
318 641 511 684 propriam,
536 632 934 684 ThymbraeeJdomum
954 655 962 682 ;
992 642 1038 674 da
1056 640 1191 675 moenia
1211 642 1313 676 fessis

197 693 247 727 Et
266 705 379 737 genus
399 696 435 726 et
456 705 663 726 mansuram
682 694 810 726 urbem
827 708 834 728 ε
865 705 968 727 serva
986 694 1102 728 altera
1122 693 1246 738 Trojae

197 746 385 789 Pergama,
407 746 591 789 relliquias
611 746 780 779 Danaum
800 748 910 790 atque
929 747 1080 780 immitis
1100 747 1264 781 Achillei.

198 798 313 840 Quem
332 796 549 842 sequimur?
579 810 696 842 quove
715 799 766 832 ire
780 799 889 843 jubes
907 800 918 833 2
945 800 1008 833 ubi
1026 811 1158 844 ponere
1178 801 1300 835 sedes?

196 851 266 893 Da,
288 854 403 895 pater,
425 852 629 895 augurium,
651 855 763 896 atque
782 852 911 886 animis
930 853 1078 886 illabere
1097 852 1271 888 nostris.’'

198 904 274 937 Vix
294 916 335 937 ea
354 905 451 938 fatus
471 916 568 938 eram
586 918 593 946 ;
623 907 779 938 tremere
799 905 920 939 omnia
940 906 1017 939 visa
1035 909 1197 950 repente,

197 957 425 1000 Liminaque,
441 957 637 1001 laurusque
658 958 728 991 Dei
748 971 755 999 ;
784 961 957 1002 totusque
976 959 1114 992 moveri

198 1010 307 1044 Mons
328 1010 475 1053 circum,
498 1013 535 1043 et
553 1010 691 1054 mugire
710 1011 831 1054 adytis
850 1012 989 1045 cortina
1006 1012 1162 1046 reclusis,

199 1062 376 1096 Submissi
394 1064 553 1107 petimus
572 1066 718 1107 terram,
741 1066 778 1097 et
796 1076 869 1098 vox
887 1064 1004 1098 fertur
1022 1065 1068 1098 ad
1089 1076 1194 1098 aures
1211 1076 1220 1100 t

200 1116 222 1132 “
237 1114 459 1150 Dardanidae
479 1116 572 1160 duri,
594 1128 675 1160 quae
697 1128 758 1150 vos
777 1129 798 1151 a
817 1118 928 1161 stirpe
946 1121 1140 1162 parentum

202 1168 322 1202 Prima
340 1166 429 1202 tulit
447 1169 567 1213 tellus,
589 1169 713 1203 eaden]
733 1182 796 1204 vos
816 1171 927 1204 ubere
946 1171 1031 1204 laeto

201 1221 363 1267 Accipiet
380 1222 529 1257 reduces
547 1235 553 1257 :
582 1224 772 1268 antiquam
792 1224 971 1267 exquirite
989 1226 1151 1258 matrem.

202 1274 273 1310 Hic
292 1277 422 1311 domus
443 1277 571 1310 zEneze
592 1277 731 1310 cunctis
750 1277 998 1310 dominabitur
1018 1277 1100 1319 oris,

199 1329 249 1363 Et
268 1330 345 1363 nati
362 1333 546 1372 natorum,
569 1332 606 1363 et
625 1330 689 1373 qui
708 1333 903 1363 nascentur
918 1330 962 1363 ab
975 1328 1088 1363 illis.’'

199 1382 292 1416 Haec
312 1382 474 1416 Phoebus
492 1395 499 1417 :
528 1383 718 1426 mixtoque
737 1383 863 1426 ingens
882 1385 1008 1415 exorta
1027 1382 1193 1415 tumultu

199 1435 346 1469 Laetitia
367 1449 374 1476 ;
403 1438 441 1469 et
461 1435 594 1478 cuncti,
618 1447 699 1479 quae
719 1435 792 1468 sint
811 1447 852 1468 ea
871 1435 1019 1477 moenia,
1042 1436 1213 1478 quaerunt
1233 1447 1243 1476 ;

201 1487 282 1529 Quo
303 1488 466 1522 Phoebus
485 1491 589 1521 vocet
609 1491 781 1530 errantes,
799 1488 1002 1531 jubeatque
1021 1487 1163 1521 reverti.

199 1541 292 1574 Tum
311 1542 464 1585 genitor,
487 1543 652 1574 veterum
671 1541 822 1574 volvens
842 1544 1080 1574 monumenta
1098 1540 1283 1575 virorum:

204 1595 229 1612 ‘⁴
242 1594 392 1636 Audite,
415 1606 435 1627 o
455 1592 658 1637 procereS‚”
678 1594 741 1635 ait,
768 1595 792 1611 ‘⁶
806 1596 842 1626 et
862 1605 941 1637 spes
961 1593 1088 1626 discite
1107 1595 1246 1626 vestras

200 1646 308 1680 Creta
326 1646 353 1679 J
355 1647 431 1680 ovis
450 1647 573 1690 magni
591 1647 711 1680 medio
726 1647 822 1690 jacet
842 1646 962 1680 insula
982 1648 1107 1690 ponto,

200 1699 311 1732 Mons
331 1699 453 1733 Idaeus
472 1700 546 1741 ubi,
568 1702 604 1732 et
618 1700 736 1743 gentis
756 1700 936 1733 cunabula
954 1701 1096 1733 nostrae.

200 1752 356 1785 Centum
374 1752 481 1785 urbes
499 1752 668 1786 habitant
686 1764 847 1794 magnas,
868 1752 1050 1786 uberrima
1067 1763 1178 1795 regna
1193 1764 1204 1794 ;

201 1804 388 1838 Maximus
407 1805 505 1838 unde
527 1808 641 1848 pater,
664 1805 695 1838 si
712 1805 781 1838 rite
801 1805 927 1838 audita
945 1805 1123 1847 recordor,

200 1857 359 1891 Teucrus
378 1857 552 1890 Rhoeteas
570 1858 728 1900 primum
748 1860 802 1890 est
820 1857 993 1891 advectus
1011 1857 1050 1890 in
1070 1869 1162 1900 oras,

202 1910 425 1954 Optavitque
444 1910 563 1943 locum
582 1921 692 1953 regno
710 1922 717 1944 :
746 1910 910 1943 nondum
932 1907 1046 1943 Ilium
1065 1913 1102 1943 et
1121 1921 1219 1943 arces

201 1962 409 2006 Pergameae
429 1965 618 2003 steterant,
639 1962 858 1996 habitabant
877 1962 1034 1996 vallibus
1052 1962 1144 1996 imis.

199 2014 300 2049 Hinc
319 2018 435 2048 mater
455 2015 589 2048 cultrix
609 2015 765 2058 Cybelae,
791 2013 1089 2058 Corybantiaque
1110 2026 1194 2058 aera,

199 2065 418 2111 Idaeumque
438 2079 566 2101 nemus
585 2080 591 2101 :
620 2068 705 2101 hinc
725 2068 799 2101 fida
819 2067 962 2101 silentia
981 2068 1102 2110 sacris,

198 2119 248 2153 Et
264 2120 387 2164 juncti
406 2132 548 2154 carrum
562 2120 721 2154 dominae
741 2120 882 2154 subiere
902 2121 1034 2154 leones.

197 2171 293 2216 Ergo
311 2173 420 2217 agite,
442 2175 490 2216 et,
512 2173 650 2206 Divum
665 2173 806 2207 ducunt
825 2173 1024 2218 quajussa,
1048 2184 1267 2217 sequamur:

196 2224 387 2260 Placemus
405 2228 546 2268 ventos,
568 2228 605 2259 et
625 2226 779 2259 Gnossia
796 2237 907 2269 regna
924 2228 1100 2269 petamus.

197 2277 236 2311 N
237 2289 277 2311 ec
295 2279 403 2322 longo
418 2278 557 2312 distant
576 2290 683 2312 cursu
704 2291 711 2313 ς
740 2278 848 2311 modo
867 2278 1015 2322 Jupiter
1032 2277 1140 2322 adsit,

197 2330 321 2367 Tertia
339 2331 406 2365 lux
427 2331 576 2366 classem
597 2331 746 2366 Oretaeis
765 2331 868 2366 sistet
887 2330 926 2365 in
945 2329 1056 2365 orisst’

1349 72 1403 110 41

1378 639 1405 660 85

1379 904 1407 925 90

1370 1433 1410 1453 too

1372 1697 1411 1717 105

1373 1959 1413 1981 110

1373 2222 1412 2244 ns
