1528 2569
640 104 773 132 mnan
804 104 879 131 ΧΠ.
1335 96 1416 132 235

210 192 377 235 Cervum‚
400 194 464 226 aut
482 192 646 236 puniceae
666 195 811 236 septum
830 191 1025 226 formidine
1044 203 1185 236 pennae,
1376 189 1417 213 7⁵⁰

209 246 375 279 Venator
394 256 502 278 cursu
522 245 620 278 canis
640 248 677 278 et
696 245 889 279 latratibus
907 245 1022 278 instat
1038 257 1047 286 ;

211 298 279 331 Ine
297 300 431 340 autem,
453 297 594 331 insidiis
613 300 650 331 et
668 298 749 341 ripa
767 298 917 331 territus
935 297 1024 340 alta,

210 350 315 383 Mille
334 350 430 394 fugit
448 350 654 394 refugitque
674 351 750 384 vias
770 363 778 391 ;
807 353 846 384 at
865 350 1010 384 vividus
1029 349 1167 383 Umber

211 403 339 436 Haeret
357 403 473 445 hians,
491 403 569 446 jam
584 403 734 447 jamque
748 405 862 446 tenet,
885 403 1083 446 similisque
1101 401 1245 436 tenenti

211 455 400 499 Increpuit
419 456 535 498 malis,
558 467 754 499 morsuque
774 456 896 489 elusus
914 456 1015 489 inani
1034 458 1098 489 est.
1377 453 1417 476 ⁷⁵⁵

211 509 303 542 Tum
322 519 407 541 vero
426 508 588 541 exoritur
611 509 745 542 clamor
762 521 771 550 ;
798 509 960 552 ripaeque
980 508 1151 551 lacusque

210 561 446 609 Responsant
466 561 570 604 circa,
593 564 629 594 et
649 562 781 594 coelum
800 564 906 594 tonat
926 573 1032 594 omne
1046 561 1221 594 tumultu.

210 613 279 647 Ine
298 614 406 647 simul
425 614 580 657 fugiens,
602 614 761 647 Rutulos
782 614 889 647 simul
908 614 1069 657 increpat
1089 625 1226 656 omnes,

209 666 370 700 Nomine
389 678 570 710 quemque
591 678 721 700 vocans
740 679 746 700 :
776 669 977 710 notumque
998 666 1171 709 efflagitat
1190 678 1312 700 ensem
1331 680 1337 701 :

211 719 348 752 AEneas
366 722 522 752 mortem
541 722 667 753 contra
685 731 915 762 praesensque
935 720 1097 752 minatur

210 772 389 815 Exitium,
414 772 444 805 si
464 772 657 815 quisquam
676 772 783 805 adeat
803 784 811 812 ;
839 774 1025 815 terretque
1045 774 1255 814 trementes,

209 824 427 858 Excisumm
446 824 573 857 urbem
592 824 776 866 minitans,
801 827 838 857 et
858 824 999 857 saucius
1024 824 1147 857 instat.

211 876 380 920 Quinque
400 877 503 910 orbes
522 877 671 920 explent
692 888 811 919 cursu,
832 877 1062 920 totidemque
1081 879 1257 910 retexunt

210 929 308 973 Huc,
329 930 416 963 illuc
433 941 440 964 :
470 941 536 963 nec
556 930 653 963 enim
671 930 767 963 levia
785 932 850 963 aut
867 929 1009 963 ludicra
1028 931 1208 973 petuntur

209 983 384 1023 Praemia3
413 982 477 1016 sed
496 982 609 1015 Turni
627 982 672 1016 de
691 983 770 1016 vita
789 985 824 1016 et
844 982 1018 1026 sanguine
1038 985 1188 1016 certant.
1376 980 1418 1003 7⁰⁵

263 1035 373 1069 Forte
393 1046 491 1068 sacer
509 1035 638 1069 Fauno
656 1035 753 1069 foliis
772 1035 925 1068 oleaster
943 1035 1074 1068 amaris

210 1087 284 1121 Hic
303 1091 462 1130 steterat,
488 1088 610 1121 nautis
629 1088 715 1121 olim
735 1088 939 1121 venerabile
957 1087 1098 1131 lignum
1117 1101 1126 1129 ;

211 1140 353 1174 Servati
370 1152 415 1173 ex
435 1140 543 1174 undis
561 1140 627 1174 ubi
644 1140 752 1184 figere
770 1140 867 1174 dona
884 1140 1049 1174 solebant

210 1193 385 1227 Laurenti
403 1193 510 1236 Divo,
533 1196 570 1227 et
588 1196 690 1227 votas
709 1193 927 1237 suspendere
948 1195 1064 1227 vestes
1083 1205 1090 1228 :

211 1246 281 1280 Sed
301 1246 450 1290 stirpem
469 1244 598 1280 Teucri
617 1246 719 1279 nullo
739 1246 944 1280 discrimine
965 1257 1106 1279 sacrum
1381 1244 1393 1267 7
1396 1243 1422 1267 7⁰

211 1299 449 1342 Sustulerant,
474 1310 564 1342 puro
584 1301 626 1332 ut
645 1301 793 1343 possent
811 1310 1020 1333 concurrere
1041 1310 1176 1343 campo.

210 1351 283 1385 Hic
302 1352 407 1386 hasta
426 1352 555 1385 AEneae
574 1352 694 1385 stabat
715 1365 723 1393 ;
750 1352 823 1385 huc
841 1352 999 1396 impetus
1017 1352 1118 1385 illam

210 1405 414 1448 Detulerat,
436 1405 547 1438 fixam
566 1407 602 1438 et
621 1405 724 1438 lenta
742 1405 781 1438 in
800 1404 919 1438 radice
938 1405 1096 1438 tenebat.

211 1457 398 1500 Incubuit,
424 1458 609 1501 voluitque
628 1469 739 1491 manu
759 1457 959 1490 convellere
979 1457 1115 1490 ferrum

210 1510 437 1544 Dardanides
457 1523 464 1552 3
492 1511 639 1553 teloque
659 1510 771 1553 sequi,
797 1522 905 1554 quem
924 1510 1099 1554 prendere
1120 1522 1227 1544 cursu
1380 1508 1420 1531 77⁵

211 1563 298 1596 Non
318 1566 468 1607 poterat.
531 1564 623 1596 Tum
643 1574 727 1596 vero
747 1575 870 1596 amens
890 1563 1083 1596 formidine
1103 1563 1246 1596 Turnus
1267 1576 1274 1597 ;

214 1615 391 1658 “Faune,
414 1627 550 1660 precor,
573 1615 777 1658 miserere,'⁷
798 1616 938 1659 inquit3
962 1617 1109 1659 “tuque
1129 1616 1267 1660 optima
1285 1616 1351 1650 feri
1362 1627 1421 1649 11111

211 1669 320 1702 Terra
337 1672 422 1702 tene
442 1683 450 1710 ;
479 1669 575 1702 colui
592 1671 731 1702 vestros
751 1669 780 1701 si
800 1680 940 1712 semper
959 1668 1124 1711 honores,

211 1720 310 1762 Quos
329 1725 456 1755 contra
475 1721 652 1755 AEneadae
672 1721 766 1754 bello
784 1721 899 1754 fecere
918 1721 1096 1765 profanos
1106 1721 1125 1737 ’³

210 1774 316 1807 Dixit
334 1787 341 1815 ;
370 1786 547 1818 opemque
567 1774 636 1807 Dei
654 1785 729 1807 non
748 1785 846 1807 cassa
864 1774 903 1807 in
923 1776 1008 1807 vota
1026 1774 1170 1807 vocavit
1190 1787 1199 1816 ;
1380 1771 1422 1795 ⁷³⁰

210 1826 382 1870 Namque
402 1826 466 1860 diu
485 1827 639 1869 luctans,
662 1826 834 1870 lentoque
853 1826 891 1859 in
910 1826 1021 1870 stirpe
1040 1831 1212 1870 moratus,

210 1879 361 1913 Viribus
380 1879 479 1912 haud
497 1879 583 1913 ullis
602 1879 718 1912 valuit
738 1879 939 1912 discludere
957 1890 1097 1912 morsus

210 1932 366 1966 Roboris
386 1932 522 1966 AEneas
540 1945 547 1966 ε
576 1932 667 1965 dum
685 1932 818 1965 nititur
836 1943 929 1974 acer,
952 1934 988 1965 et
1007 1932 1134 1976 instat,

210 1985 353 2019 Rursus
371 1986 409 2018 in
429 1985 564 2028 aurigae
582 1984 710 2018 faciem
729 1987 872 2018 mutata
892 1984 1038 2018 Metisci

210 2037 408 2081 Procurrit,
429 2038 607 2081 fratrique
626 2049 750 2070 ensem
768 2038 846 2071 Dea
865 2037 1011 2071 Daunia
1028 2037 1159 2072 reddit.
1380 2035 1422 2059 ⁷⁸⁵

211 2090 318 2132 Quod
337 2090 465 2124 Venus
483 2091 612 2124 audaci
630 2090 668 2123 N
670 2090 815 2134 ymphae
834 2090 1024 2134 indignata
1042 2091 1160 2134 licere,

208 2144 382 2186 Accessit,
404 2143 593 2188 telumque
613 2144 689 2177 alta
707 2143 753 2176 ab
771 2143 890 2177 radice
909 2143 1060 2178 revellit.

209 2196 284 2230 Oui
301 2196 484 2239 sublimes,
506 2196 615 2230 armis
633 2196 836 2240 animisque
854 2196 992 2239 refecti,

209 2249 283 2283 Hic
301 2249 421 2293 gladio
440 2249 569 2293 fidens,
590 2249 649 2282 hic
668 2260 748 2282 acer
767 2251 804 2282 et
823 2249 958 2282 arduus
976 2249 1094 2292 hasta,

209 2302 397 2336 Assistunt
417 2304 554 2345 contra,
577 2301 772 2336 certamine
792 2299 925 2336 Martis
943 2301 1073 2336 anheli.

262 2354 289 2389 J
290 2366 449 2389 unonem
468 2354 607 2389 interea
625 2366 686 2389 rcx
709 2354 971 2399 omnipotentis
989 2354 1137 2399 Olympi

274 2421 292 2439 Ο

1379 2298 1422 2322 790

1375 716 1415 739 760
1455 724 1457 727 ’
