<?xml version="1.0" encoding="UTF-8"?>
<!DOCTYPE html PUBLIC "-//W3C//DTD XHTML 1.0 Transitional//EN"
    "http://www.w3.org/TR/xhtml1/DTD/xhtml1-transitional.dtd">
<html xmlns="http://www.w3.org/1999/xhtml" xml:lang="en" lang="en">
 <head>
  <title>
</title>
<meta http-equiv="Content-Type" content="text/html;charset=utf-8" />
  <meta name='ocr-system' content='tesseract 3.04.00' />
  <meta name='ocr-capabilities' content='ocr_page ocr_carea ocr_par ocr_line ocrx_word'/>
</head>
<body>
  <div class='ocr_page' id='page_1' title='image "./operavir00virguoft_0379.png"; bbox 0 0 1528 2569; ppageno 0'>
   <div class='ocr_carea' id='block_1_1' title="bbox 0 0 57 2569">
    <p class='ocr_par' dir='ltr' id='par_1_1' title="bbox 0 0 57 2569">
     <span class='ocr_line' id='line_1_1' title="bbox 0 0 57 2569; baseline 0 0"><span class='ocrx_word' id='word_1_1' title='bbox 0 0 57 2569; x_wconf 95' lang='lat' dir='ltr'> </span> 
     </span>
    </p>
   </div>
   <div class='ocr_carea' id='block_1_2' title="bbox 704 105 1456 144">
    <p class='ocr_par' dir='ltr' id='par_1_2' title="bbox 704 105 1456 144">
     <span class='ocr_line' id='line_1_2' title="bbox 704 105 1456 144; baseline 0.007 -5"><span class='ocrx_word' id='word_1_2' title='bbox 704 112 837 139; x_wconf 60' lang='lat' dir='ltr'>ruffin</span> <span class='ocrx_word' id='word_1_3' title='bbox 867 112 908 139; x_wconf 80' lang='lat' dir='ltr'>x.</span> <span class='ocrx_word' id='word_1_4' title='bbox 1381 105 1456 144; x_wconf 65' lang='lat'>181</span> 
     </span>
    </p>
   </div>
   <div class='ocr_carea' id='block_1_3' title="bbox 244 196 1379 2415">
    <p class='ocr_par' dir='ltr' id='par_1_3' title="bbox 258 196 1189 244">
     <span class='ocr_line' id='line_1_3' title="bbox 258 196 1189 244; baseline 0.003 -12"><span class='ocrx_word' id='word_1_5' title='bbox 258 196 467 242; x_wconf 83' lang='lat' dir='ltr'>Conjiciunt</span> <span class='ocrx_word' id='word_1_6' title='bbox 489 210 495 232; x_wconf 95' lang='lat'>:</span> <span class='ocrx_word' id='word_1_7' title='bbox 524 199 657 242; x_wconf 70' lang='lat' dir='ltr'>partim</span> <span class='ocrx_word' id='word_1_8' title='bbox 676 200 778 243; x_wconf 69' lang='lat' dir='ltr'>galea</span> <span class='ocrx_word' id='word_1_9' title='bbox 793 200 990 244; x_wconf 72' lang='lat' dir='ltr'>clypeoque</span> <span class='ocrx_word' id='word_1_10' title='bbox 1010 201 1189 235; x_wconf 76' lang='lat' dir='ltr'>resultant</span> 
     </span>
    </p>

    <p class='ocr_par' dir='ltr' id='par_1_4' title="bbox 256 249 1090 297">
     <span class='ocr_line' id='line_1_4' title="bbox 256 249 1090 297; baseline 0.005 -14"><span class='ocrx_word' id='word_1_11' title='bbox 256 249 378 294; x_wconf 80' lang='lat' dir='ltr'>Irrita,</span> <span class='ocrx_word' id='word_1_12' title='bbox 401 251 552 285; x_wconf 86' lang='lat' dir='ltr'>deflexit</span> <span class='ocrx_word' id='word_1_13' title='bbox 570 252 706 296; x_wconf 73' lang='lat' dir='ltr'>partim</span> <span class='ocrx_word' id='word_1_14' title='bbox 726 253 941 296; x_wconf 66' lang='lat' dir='ltr'>stringentia</span> <span class='ocrx_word' id='word_1_15' title='bbox 962 265 1090 297; x_wconf 77' lang='lat' dir='ltr'>corpus</span> 
     </span>
    </p>

    <p class='ocr_par' dir='ltr' id='par_1_5' title="bbox 254 303 1229 341">
     <span class='ocr_line' id='line_1_5' title="bbox 254 303 1229 341; baseline 0.004 -5"><span class='ocrx_word' id='word_1_16' title='bbox 254 303 362 337; x_wconf 87' lang='lat' dir='ltr'>Alma</span> <span class='ocrx_word' id='word_1_17' title='bbox 381 303 518 338; x_wconf 87' lang='lat' dir='ltr'>Venus.</span> <span class='ocrx_word' id='word_1_18' title='bbox 579 305 713 338; x_wconf 83' lang='lat' dir='ltr'>Fidum</span> <span class='ocrx_word' id='word_1_19' title='bbox 732 305 870 338; x_wconf 78' lang='lat' dir='ltr'>AEneas</span> <span class='ocrx_word' id='word_1_20' title='bbox 889 307 1021 339; x_wconf 78' lang='lat' dir='ltr'>affatur</span> <span class='ocrx_word' id='word_1_21' title='bbox 1039 306 1202 340; x_wconf 84' lang='lat' dir='ltr'>Achaten</span> <span class='ocrx_word' id='word_1_22' title='bbox 1222 320 1229 341; x_wconf 72' lang='grc' dir='ltr'>ε</span> 
     </span>
    </p>

    <p class='ocr_par' dir='ltr' id='par_1_6' title="bbox 257 356 1230 402">
     <span class='ocr_line' id='line_1_6' title="bbox 257 356 1230 402; baseline 0.004 -13"><span class='ocrx_word' id='word_1_23' title='bbox 257 357 282 373; x_wconf 86' lang='grc'><strong>“</strong></span> <span class='ocrx_word' id='word_1_24' title='bbox 299 356 455 400; x_wconf 80' lang='lat' dir='ltr'>Suggere</span> <span class='ocrx_word' id='word_1_25' title='bbox 473 357 548 390; x_wconf 81' lang='lat' dir='ltr'>tela</span> <span class='ocrx_word' id='word_1_26' title='bbox 566 358 658 391; x_wconf 86' lang='lat' dir='ltr'>mihi</span> <span class='ocrx_word' id='word_1_27' title='bbox 679 359 764 402; x_wconf 88' lang='lat' dir='ltr'>(non</span> <span class='ocrx_word' id='word_1_28' title='bbox 787 358 904 397; x_wconf 83' lang='lat' dir='ltr'>ullum</span> <span class='ocrx_word' id='word_1_29' title='bbox 924 359 1074 393; x_wconf 79' lang='lat' dir='ltr'>dextera</span> <span class='ocrx_word' id='word_1_30' title='bbox 1094 360 1230 394; x_wconf 84' lang='lat' dir='ltr'>frustra</span> 
     </span>
    </p>

    <p class='ocr_par' dir='ltr' id='par_1_7' title="bbox 253 408 1379 456">
     <span class='ocr_line' id='line_1_7' title="bbox 253 408 1379 456; baseline 0.006 -15"><span class='ocrx_word' id='word_1_31' title='bbox 253 408 410 442; x_wconf 73' lang='lat' dir='ltr'>Torserit</span> <span class='ocrx_word' id='word_1_32' title='bbox 429 409 466 443; x_wconf 87' lang='lat' dir='ltr'>in</span> <span class='ocrx_word' id='word_1_33' title='bbox 487 410 674 454; x_wconf 81' lang='lat' dir='ltr'>Rutulos),</span> <span class='ocrx_word' id='word_1_34' title='bbox 697 413 881 444; x_wconf 86' lang='lat' dir='ltr'>steterunt</span> <span class='ocrx_word' id='word_1_35' title='bbox 901 423 983 455; x_wconf 62' lang='lat' dir='ltr'>quae</span> <span class='ocrx_word' id='word_1_36' title='bbox 1003 411 1040 445; x_wconf 87' lang='lat' dir='ltr'>in</span> <span class='ocrx_word' id='word_1_37' title='bbox 1061 424 1208 456; x_wconf 80' lang='lat' dir='ltr'>corpore</span> <span class='ocrx_word' id='word_1_38' title='bbox 1228 413 1379 448; x_wconf 69' lang='lat' dir='ltr'>Graium</span> 
     </span>
    </p>

    <p class='ocr_par' dir='ltr' id='par_1_8' title="bbox 254 460 1242 509">
     <span class='ocr_line' id='line_1_8' title="bbox 254 460 1242 509; baseline 0.004 -14"><span class='ocrx_word' id='word_1_39' title='bbox 254 460 372 495; x_wconf 84' lang='lat' dir='ltr'>Iliacis</span> <span class='ocrx_word' id='word_1_40' title='bbox 391 462 564 506; x_wconf 82' lang='lat' dir='ltr'>campis.&#39;&#39;</span> <span class='ocrx_word' id='word_1_41' title='bbox 621 463 714 497; x_wconf 87' lang='lat' dir='ltr'>Tum</span> <span class='ocrx_word' id='word_1_42' title='bbox 732 475 902 508; x_wconf 78' lang='lat' dir='ltr'>magnam</span> <span class='ocrx_word' id='word_1_43' title='bbox 921 464 1069 508; x_wconf 74' lang='lat' dir='ltr'>corripit</span> <span class='ocrx_word' id='word_1_44' title='bbox 1087 465 1242 509; x_wconf 80' lang='lat' dir='ltr'>hastam,</span> 
     </span>
    </p>

    <p class='ocr_par' dir='ltr' id='par_1_9' title="bbox 252 514 1189 560">
     <span class='ocr_line' id='line_1_9' title="bbox 252 514 1189 560; baseline 0.005 -13"><span class='ocrx_word' id='word_1_45' title='bbox 252 514 302 548; x_wconf 89' lang='lat' dir='ltr'>Et</span> <span class='ocrx_word' id='word_1_46' title='bbox 317 514 408 558; x_wconf 84' lang='lat' dir='ltr'>jacit</span> <span class='ocrx_word' id='word_1_47' title='bbox 429 528 435 550; x_wconf 94' lang='lat'>:</span> <span class='ocrx_word' id='word_1_48' title='bbox 464 516 527 549; x_wconf 87' lang='lat' dir='ltr'>illa</span> <span class='ocrx_word' id='word_1_49' title='bbox 546 516 671 550; x_wconf 75' lang='lat' dir='ltr'>volans</span> <span class='ocrx_word' id='word_1_50' title='bbox 690 517 808 560; x_wconf 81' lang='lat' dir='ltr'>clypei</span> <span class='ocrx_word' id='word_1_51' title='bbox 826 517 1098 551; x_wconf 80' lang='lat' dir='ltr'>transverberat</span> <span class='ocrx_word' id='word_1_52' title='bbox 1117 530 1189 552; x_wconf 65' lang='lat' dir='ltr'>aera</span> 
     </span>
    </p>

    <p class='ocr_par' dir='ltr' id='par_1_10' title="bbox 252 566 1202 615">
     <span class='ocr_line' id='line_1_10' title="bbox 252 566 1202 615; baseline 0.005 -15"><span class='ocrx_word' id='word_1_53' title='bbox 252 566 419 611; x_wconf 77' lang='lat' dir='ltr'>Maeonis,</span> <span class='ocrx_word' id='word_1_54' title='bbox 442 571 478 602; x_wconf 92' lang='lat' dir='ltr'>et</span> <span class='ocrx_word' id='word_1_55' title='bbox 497 569 645 603; x_wconf 81' lang='lat' dir='ltr'>thoraca</span> <span class='ocrx_word' id='word_1_56' title='bbox 664 569 773 603; x_wconf 87' lang='lat' dir='ltr'>simul</span> <span class='ocrx_word' id='word_1_57' title='bbox 792 581 874 603; x_wconf 87' lang='lat' dir='ltr'>cum</span> <span class='ocrx_word' id='word_1_58' title='bbox 893 573 1037 613; x_wconf 86' lang='lat' dir='ltr'>pectore</span> <span class='ocrx_word' id='word_1_59' title='bbox 1055 572 1202 615; x_wconf 83' lang='lat' dir='ltr'>rumpit.</span> 
     </span>
    </p>

    <p class='ocr_par' dir='ltr' id='par_1_11' title="bbox 253 619 1222 666">
     <span class='ocr_line' id='line_1_11' title="bbox 253 619 1222 666; baseline 0.004 -13"><span class='ocrx_word' id='word_1_60' title='bbox 253 619 353 654; x_wconf 86' lang='lat' dir='ltr'>Huic</span> <span class='ocrx_word' id='word_1_61' title='bbox 372 621 486 654; x_wconf 84' lang='lat' dir='ltr'>frater</span> <span class='ocrx_word' id='word_1_62' title='bbox 505 622 603 655; x_wconf 82' lang='lat' dir='ltr'>subit</span> <span class='ocrx_word' id='word_1_63' title='bbox 622 622 791 665; x_wconf 81' lang='lat' dir='ltr'>Alcanor,</span> <span class='ocrx_word' id='word_1_64' title='bbox 812 623 1035 666; x_wconf 82' lang='lat' dir='ltr'>fratremque</span> <span class='ocrx_word' id='word_1_65' title='bbox 1054 627 1222 657; x_wconf 88' lang='lat' dir='ltr'>ruentem</span> 
     </span>
    </p>

    <p class='ocr_par' dir='ltr' id='par_1_12' title="bbox 251 673 1076 719">
     <span class='ocr_line' id='line_1_12' title="bbox 251 673 1076 719; baseline 0.004 -13"><span class='ocrx_word' id='word_1_66' title='bbox 251 673 442 707; x_wconf 86' lang='lat' dir='ltr'>Sustentat</span> <span class='ocrx_word' id='word_1_67' title='bbox 461 675 589 708; x_wconf 70' lang='lat' dir='ltr'>dextra</span> <span class='ocrx_word' id='word_1_68' title='bbox 607 687 613 708; x_wconf 92' lang='lat'>:</span> <span class='ocrx_word' id='word_1_69' title='bbox 642 675 795 719; x_wconf 82' lang='lat' dir='ltr'>trajecto</span> <span class='ocrx_word' id='word_1_70' title='bbox 815 676 923 709; x_wconf 82' lang='lat' dir='ltr'>missa</span> <span class='ocrx_word' id='word_1_71' title='bbox 941 676 1076 709; x_wconf 82' lang='lat' dir='ltr'>lacerto</span> 
     </span>
    </p>

    <p class='ocr_par' dir='ltr' id='par_1_13' title="bbox 251 725 1269 772">
     <span class='ocr_line' id='line_1_13' title="bbox 251 725 1269 772; baseline 0.004 -13"><span class='ocrx_word' id='word_1_72' title='bbox 251 725 426 760; x_wconf 81' lang='lat' dir='ltr'>Protinus</span> <span class='ocrx_word' id='word_1_73' title='bbox 445 727 550 760; x_wconf 82' lang='lat' dir='ltr'>hasta</span> <span class='ocrx_word' id='word_1_74' title='bbox 569 728 676 770; x_wconf 81' lang='lat' dir='ltr'>fugit,</span> <span class='ocrx_word' id='word_1_75' title='bbox 698 731 891 772; x_wconf 75' lang='lat' dir='ltr'>servatque</span> <span class='ocrx_word' id='word_1_76' title='bbox 911 731 1062 762; x_wconf 79' lang='lat' dir='ltr'>cruenta</span> <span class='ocrx_word' id='word_1_77' title='bbox 1079 731 1243 763; x_wconf 81' lang='lat' dir='ltr'>tenorem</span> <span class='ocrx_word' id='word_1_78' title='bbox 1263 743 1269 770; x_wconf 90' lang='lat'>;</span> 
     </span>
    </p>

    <p class='ocr_par' dir='ltr' id='par_1_14' title="bbox 249 778 1291 826">
     <span class='ocr_line' id='line_1_14' title="bbox 249 778 1291 826; baseline 0.004 -14"><span class='ocrx_word' id='word_1_79' title='bbox 249 778 483 823; x_wconf 82' lang='lat' dir='ltr'>Dexteraque</span> <span class='ocrx_word' id='word_1_80' title='bbox 503 792 548 813; x_wconf 81' lang='lat' dir='ltr'>ex</span> <span class='ocrx_word' id='word_1_81' title='bbox 566 780 718 814; x_wconf 85' lang='lat' dir='ltr'>humero</span> <span class='ocrx_word' id='word_1_82' title='bbox 737 781 857 814; x_wconf 87' lang='lat' dir='ltr'>nervis</span> <span class='ocrx_word' id='word_1_83' title='bbox 875 781 1094 815; x_wconf 87' lang='lat' dir='ltr'>moribunda.</span> <span class='ocrx_word' id='word_1_84' title='bbox 1111 784 1291 826; x_wconf 77' lang='lat' dir='ltr'>pependit.</span> 
     </span>
    </p>

    <p class='ocr_par' dir='ltr' id='par_1_15' title="bbox 250 831 1197 878">
     <span class='ocr_line' id='line_1_15' title="bbox 250 831 1197 878; baseline 0.004 -13"><span class='ocrx_word' id='word_1_85' title='bbox 250 831 342 865; x_wconf 88' lang='lat' dir='ltr'>Tum</span> <span class='ocrx_word' id='word_1_86' title='bbox 362 831 550 876; x_wconf 77' lang='lat' dir='ltr'>Numitor,</span> <span class='ocrx_word' id='word_1_87' title='bbox 568 833 690 877; x_wconf 85' lang='lat' dir='ltr'>jaculo</span> <span class='ocrx_word' id='word_1_88' title='bbox 710 834 832 866; x_wconf 82' lang='lat' dir='ltr'>fratris</span> <span class='ocrx_word' id='word_1_89' title='bbox 852 833 896 867; x_wconf 91' lang='lat' dir='ltr'>de</span> <span class='ocrx_word' id='word_1_90' title='bbox 916 845 1062 878; x_wconf 81' lang='lat' dir='ltr'>corpore</span> <span class='ocrx_word' id='word_1_91' title='bbox 1081 838 1197 878; x_wconf 76' lang='lat' dir='ltr'>rapto,</span> 
     </span>
    </p>

    <p class='ocr_par' dir='ltr' id='par_1_16' title="bbox 250 885 1061 930">
     <span class='ocr_line' id='line_1_16' title="bbox 250 885 1061 930; baseline 0.004 -13"><span class='ocrx_word' id='word_1_92' title='bbox 250 885 394 918; x_wconf 85' lang='lat' dir='ltr'>AEnean</span> <span class='ocrx_word' id='word_1_93' title='bbox 414 885 520 929; x_wconf 87' lang='lat' dir='ltr'>petiit</span> <span class='ocrx_word' id='word_1_94' title='bbox 540 899 548 927; x_wconf 80' lang='lat'>3</span> <span class='ocrx_word' id='word_1_95' title='bbox 578 886 641 919; x_wconf 88' lang='lat' dir='ltr'>sed</span> <span class='ocrx_word' id='word_1_96' title='bbox 659 898 733 920; x_wconf 88' lang='lat' dir='ltr'>non</span> <span class='ocrx_word' id='word_1_97' title='bbox 752 889 789 920; x_wconf 81' lang='lat' dir='ltr'>et</span> <span class='ocrx_word' id='word_1_98' title='bbox 808 886 915 930; x_wconf 82' lang='lat' dir='ltr'>figere</span> <span class='ocrx_word' id='word_1_99' title='bbox 935 890 1061 920; x_wconf 79' lang='lat' dir='ltr'>contra</span> 
     </span>
    </p>

    <p class='ocr_par' dir='ltr' id='par_1_17' title="bbox 249 933 1254 983">
     <span class='ocr_line' id='line_1_17' title="bbox 249 933 1254 983; baseline 0.005 -13"><span class='ocrx_word' id='word_1_100' title='bbox 249 936 316 971; x_wconf 84' lang='lat' dir='ltr'>Est</span> <span class='ocrx_word' id='word_1_101' title='bbox 335 933 487 980; x_wconf 86' lang='lat' dir='ltr'>licitum,</span> <span class='ocrx_word' id='word_1_102' title='bbox 511 939 705 983; x_wconf 80' lang='lat' dir='ltr'>magnique</span> <span class='ocrx_word' id='word_1_103' title='bbox 724 939 843 973; x_wconf 84' lang='lat' dir='ltr'>femur</span> <span class='ocrx_word' id='word_1_104' title='bbox 861 940 1073 983; x_wconf 74' lang='lat' dir='ltr'>perstrinxit</span> <span class='ocrx_word' id='word_1_105' title='bbox 1093 941 1254 975; x_wconf 75' lang='lat' dir='ltr'>Achatae.</span> 
     </span>
    </p>

    <p class='ocr_par' dir='ltr' id='par_1_18' title="bbox 248 989 1190 1036">
     <span class='ocr_line' id='line_1_18' title="bbox 248 989 1190 1036; baseline 0.003 -12"><span class='ocrx_word' id='word_1_106' title='bbox 248 989 322 1024; x_wconf 89' lang='lat' dir='ltr'>Hic</span> <span class='ocrx_word' id='word_1_107' title='bbox 342 990 508 1034; x_wconf 79' lang='lat' dir='ltr'>Curibus,</span> <span class='ocrx_word' id='word_1_108' title='bbox 530 992 645 1025; x_wconf 84' lang='lat' dir='ltr'>fidens</span> <span class='ocrx_word' id='word_1_109' title='bbox 664 993 836 1036; x_wconf 78' lang='lat' dir='ltr'>primaevo</span> <span class='ocrx_word' id='word_1_110' title='bbox 857 1004 1015 1036; x_wconf 85' lang='lat' dir='ltr'>corpore,</span> <span class='ocrx_word' id='word_1_111' title='bbox 1039 993 1190 1027; x_wconf 79' lang='lat' dir='ltr'>Clausus</span> 
     </span>
    </p>

    <p class='ocr_par' dir='ltr' id='par_1_19' title="bbox 251 1043 1202 1089">
     <span class='ocr_line' id='line_1_19' title="bbox 251 1043 1202 1089; baseline 0.004 -13"><span class='ocrx_word' id='word_1_112' title='bbox 251 1043 426 1087; x_wconf 84' lang='lat' dir='ltr'>Advenit,</span> <span class='ocrx_word' id='word_1_113' title='bbox 448 1047 485 1077; x_wconf 89' lang='lat' dir='ltr'>et</span> <span class='ocrx_word' id='word_1_114' title='bbox 504 1044 621 1088; x_wconf 69' lang='lat' dir='ltr'>rigida</span> <span class='ocrx_word' id='word_1_115' title='bbox 640 1045 814 1089; x_wconf 83' lang='lat' dir='ltr'>Dryopen</span> <span class='ocrx_word' id='word_1_116' title='bbox 832 1045 917 1079; x_wconf 87' lang='lat' dir='ltr'>ferit</span> <span class='ocrx_word' id='word_1_117' title='bbox 936 1047 1078 1079; x_wconf 85' lang='lat' dir='ltr'>eminus</span> <span class='ocrx_word' id='word_1_118' title='bbox 1096 1047 1202 1080; x_wconf 73' lang='lat' dir='ltr'>hasta</span> 
     </span>
    </p>

    <p class='ocr_par' dir='ltr' id='par_1_20' title="bbox 249 1096 1271 1143">
     <span class='ocr_line' id='line_1_20' title="bbox 249 1096 1271 1143; baseline 0.004 -14"><span class='ocrx_word' id='word_1_119' title='bbox 249 1096 325 1130; x_wconf 85' lang='lat' dir='ltr'>Sub</span> <span class='ocrx_word' id='word_1_120' title='bbox 344 1099 511 1130; x_wconf 89' lang='lat' dir='ltr'>mentum</span> <span class='ocrx_word' id='word_1_121' title='bbox 529 1098 687 1141; x_wconf 79' lang='lat' dir='ltr'>graviter</span> <span class='ocrx_word' id='word_1_122' title='bbox 706 1100 840 1142; x_wconf 64' lang='lat' dir='ltr'>pressa,</span> <span class='ocrx_word' id='word_1_123' title='bbox 862 1099 1068 1143; x_wconf 81' lang='lat' dir='ltr'>pariterque</span> <span class='ocrx_word' id='word_1_124' title='bbox 1088 1100 1271 1143; x_wconf 82' lang='lat' dir='ltr'>loquentis</span> 
     </span>
    </p>

    <p class='ocr_par' dir='ltr' id='par_1_21' title="bbox 251 1149 1268 1195">
     <span class='ocr_line' id='line_1_21' title="bbox 251 1149 1268 1195; baseline 0.004 -13"><span class='ocrx_word' id='word_1_125' title='bbox 251 1149 389 1183; x_wconf 88' lang='lat' dir='ltr'>Vocem</span> <span class='ocrx_word' id='word_1_126' title='bbox 409 1150 641 1194; x_wconf 82' lang='lat' dir='ltr'>animamque</span> <span class='ocrx_word' id='word_1_127' title='bbox 661 1151 755 1194; x_wconf 80' lang='lat' dir='ltr'>rapit</span> <span class='ocrx_word' id='word_1_128' title='bbox 774 1151 927 1195; x_wconf 83' lang='lat' dir='ltr'>trajecto</span> <span class='ocrx_word' id='word_1_129' title='bbox 947 1155 1096 1195; x_wconf 84' lang='lat' dir='ltr'>gutture</span> <span class='ocrx_word' id='word_1_130' title='bbox 1115 1166 1122 1193; x_wconf 81' lang='lat'>3</span> <span class='ocrx_word' id='word_1_131' title='bbox 1151 1156 1188 1186; x_wconf 78' lang='lat' dir='ltr'>at</span> <span class='ocrx_word' id='word_1_132' title='bbox 1209 1153 1268 1186; x_wconf 87' lang='lat' dir='ltr'>ille</span> 
     </span>
    </p>

    <p class='ocr_par' dir='ltr' id='par_1_22' title="bbox 248 1201 1290 1246">
     <span class='ocr_line' id='line_1_22' title="bbox 248 1201 1290 1246; baseline 0.004 -11"><span class='ocrx_word' id='word_1_133' title='bbox 248 1201 385 1236; x_wconf 86' lang='lat' dir='ltr'>Fronte</span> <span class='ocrx_word' id='word_1_134' title='bbox 404 1203 488 1236; x_wconf 88' lang='lat' dir='ltr'>ferit</span> <span class='ocrx_word' id='word_1_135' title='bbox 505 1206 651 1246; x_wconf 79' lang='lat' dir='ltr'>terram,</span> <span class='ocrx_word' id='word_1_136' title='bbox 674 1207 710 1237; x_wconf 89' lang='lat' dir='ltr'>et</span> <span class='ocrx_word' id='word_1_137' title='bbox 729 1216 886 1237; x_wconf 83' lang='lat' dir='ltr'>crassum</span> <span class='ocrx_word' id='word_1_138' title='bbox 906 1205 1020 1238; x_wconf 86' lang='lat' dir='ltr'>vomit</span> <span class='ocrx_word' id='word_1_139' title='bbox 1039 1216 1099 1238; x_wconf 90' lang='lat' dir='ltr'>ore</span> <span class='ocrx_word' id='word_1_140' title='bbox 1119 1217 1290 1239; x_wconf 79' lang='lat' dir='ltr'>cruorem.</span> 
     </span>
    </p>

    <p class='ocr_par' dir='ltr' id='par_1_23' title="bbox 249 1255 1252 1302">
     <span class='ocr_line' id='line_1_23' title="bbox 249 1255 1252 1302; baseline 0.003 -14"><span class='ocrx_word' id='word_1_141' title='bbox 249 1255 334 1289; x_wconf 86' lang='lat' dir='ltr'>Tres</span> <span class='ocrx_word' id='word_1_142' title='bbox 354 1267 499 1300; x_wconf 88' lang='lat' dir='ltr'>quoque</span> <span class='ocrx_word' id='word_1_143' title='bbox 519 1256 712 1299; x_wconf 75' lang='lat' dir='ltr'>Threicios,</span> <span class='ocrx_word' id='word_1_144' title='bbox 739 1255 863 1290; x_wconf 80' lang='lat' dir='ltr'>Boreae</span> <span class='ocrx_word' id='word_1_145' title='bbox 883 1257 927 1290; x_wconf 87' lang='lat' dir='ltr'>de</span> <span class='ocrx_word' id='word_1_146' title='bbox 946 1261 1053 1301; x_wconf 83' lang='lat' dir='ltr'>gente</span> <span class='ocrx_word' id='word_1_147' title='bbox 1072 1262 1252 1302; x_wconf 65' lang='lat' dir='ltr'>suprema,</span> 
     </span>
    </p>

    <p class='ocr_par' dir='ltr' id='par_1_24' title="bbox 249 1307 1239 1355">
     <span class='ocr_line' id='line_1_24' title="bbox 249 1307 1239 1355; baseline 0.003 -14"><span class='ocrx_word' id='word_1_148' title='bbox 249 1307 298 1341; x_wconf 89' lang='lat' dir='ltr'>Et</span> <span class='ocrx_word' id='word_1_149' title='bbox 317 1312 403 1352; x_wconf 84' lang='lat' dir='ltr'>tres,</span> <span class='ocrx_word' id='word_1_150' title='bbox 426 1321 517 1353; x_wconf 83' lang='lat' dir='ltr'>quos</span> <span class='ocrx_word' id='word_1_151' title='bbox 537 1309 623 1343; x_wconf 84' lang='lat' dir='ltr'>Idas</span> <span class='ocrx_word' id='word_1_152' title='bbox 642 1313 744 1353; x_wconf 84' lang='lat' dir='ltr'>pater</span> <span class='ocrx_word' id='word_1_153' title='bbox 763 1313 800 1343; x_wconf 88' lang='lat' dir='ltr'>et</span> <span class='ocrx_word' id='word_1_154' title='bbox 819 1311 936 1354; x_wconf 76' lang='lat' dir='ltr'>patria</span> <span class='ocrx_word' id='word_1_155' title='bbox 955 1311 1091 1344; x_wconf 80' lang='lat' dir='ltr'>Ismara</span> <span class='ocrx_word' id='word_1_156' title='bbox 1111 1311 1239 1355; x_wconf 89' lang='lat' dir='ltr'>mittit,</span> 
     </span>
    </p>

    <p class='ocr_par' dir='ltr' id='par_1_25' title="bbox 248 1361 1157 1407">
     <span class='ocr_line' id='line_1_25' title="bbox 248 1361 1157 1407; baseline 0.001 -12"><span class='ocrx_word' id='word_1_157' title='bbox 248 1361 321 1395; x_wconf 80' lang='lat' dir='ltr'>Per</span> <span class='ocrx_word' id='word_1_158' title='bbox 341 1362 457 1395; x_wconf 83' lang='lat' dir='ltr'>varios</span> <span class='ocrx_word' id='word_1_159' title='bbox 478 1363 607 1395; x_wconf 83' lang='lat' dir='ltr'>sternit</span> <span class='ocrx_word' id='word_1_160' title='bbox 628 1374 740 1396; x_wconf 79' lang='lat' dir='ltr'>casus,</span> <span class='ocrx_word' id='word_1_161' title='bbox 801 1363 969 1396; x_wconf 82' lang='lat' dir='ltr'>Accurrit</span> <span class='ocrx_word' id='word_1_162' title='bbox 991 1363 1157 1407; x_wconf 78' lang='lat' dir='ltr'>Halesus,</span> 
     </span>
    </p>

    <p class='ocr_par' dir='ltr' id='par_1_26' title="bbox 247 1415 1221 1461">
     <span class='ocr_line' id='line_1_26' title="bbox 247 1415 1221 1461; baseline 0.002 -13"><span class='ocrx_word' id='word_1_163' title='bbox 247 1415 503 1458; x_wconf 85' lang='lat' dir='ltr'>Auruncaeque</span> <span class='ocrx_word' id='word_1_164' title='bbox 522 1427 651 1449; x_wconf 82' lang='lat' dir='ltr'>manus</span> <span class='ocrx_word' id='word_1_165' title='bbox 671 1429 679 1457; x_wconf 92' lang='lat'>;</span> <span class='ocrx_word' id='word_1_166' title='bbox 708 1416 806 1449; x_wconf 86' lang='lat' dir='ltr'>subit</span> <span class='ocrx_word' id='word_1_167' title='bbox 825 1419 862 1449; x_wconf 89' lang='lat' dir='ltr'>et</span> <span class='ocrx_word' id='word_1_168' title='bbox 882 1416 919 1449; x_wconf 89' lang='lat' dir='ltr'>N</span> <span class='ocrx_word' id='word_1_169' title='bbox 922 1417 1073 1460; x_wconf 64' lang='lat' dir='ltr'>eptunia</span> <span class='ocrx_word' id='word_1_170' title='bbox 1092 1417 1221 1461; x_wconf 88' lang='lat' dir='ltr'>proles,</span> 
     </span>
    </p>

    <p class='ocr_par' dir='ltr' id='par_1_27' title="bbox 248 1467 1177 1512">
     <span class='ocr_line' id='line_1_27' title="bbox 248 1467 1177 1512; baseline 0.002 -12"><span class='ocrx_word' id='word_1_171' title='bbox 248 1467 407 1512; x_wconf 79' lang='lat' dir='ltr'>Insignis</span> <span class='ocrx_word' id='word_1_172' title='bbox 427 1468 618 1512; x_wconf 72' lang='lat' dir='ltr'>Messapus</span> <span class='ocrx_word' id='word_1_173' title='bbox 637 1468 739 1512; x_wconf 79' lang='lat' dir='ltr'>equis</span> <span class='ocrx_word' id='word_1_174' title='bbox 757 1482 764 1509; x_wconf 90' lang='lat'>;</span> <span class='ocrx_word' id='word_1_175' title='bbox 793 1469 971 1512; x_wconf 82' lang='lat' dir='ltr'>expellere</span> <span class='ocrx_word' id='word_1_176' title='bbox 991 1469 1150 1502; x_wconf 88' lang='lat' dir='ltr'>tendunt</span> <span class='ocrx_word' id='word_1_177' title='bbox 1175 1488 1177 1490; x_wconf 97' lang='lat'>·</span> 
     </span>
    </p>

    <p class='ocr_par' dir='ltr' id='par_1_28' title="bbox 247 1519 1137 1566">
     <span class='ocr_line' id='line_1_28' title="bbox 247 1519 1137 1566; baseline 0.002 -13"><span class='ocrx_word' id='word_1_178' title='bbox 247 1519 283 1553; x_wconf 89' lang='lat' dir='ltr'>N</span> <span class='ocrx_word' id='word_1_179' title='bbox 291 1532 360 1554; x_wconf 87' lang='lat' dir='ltr'>unc</span> <span class='ocrx_word' id='word_1_180' title='bbox 378 1519 430 1564; x_wconf 88' lang='lat' dir='ltr'>hi,</span> <span class='ocrx_word' id='word_1_181' title='bbox 452 1533 551 1555; x_wconf 90' lang='lat' dir='ltr'>nunc</span> <span class='ocrx_word' id='word_1_182' title='bbox 569 1521 623 1554; x_wconf 87' lang='lat' dir='ltr'>illi</span> <span class='ocrx_word' id='word_1_183' title='bbox 643 1534 650 1556; x_wconf 92' lang='lat'><strong>:</strong></span> <span class='ocrx_word' id='word_1_184' title='bbox 679 1524 840 1555; x_wconf 83' lang='lat' dir='ltr'>certatur</span> <span class='ocrx_word' id='word_1_185' title='bbox 859 1522 983 1555; x_wconf 86' lang='lat' dir='ltr'>limine</span> <span class='ocrx_word' id='word_1_186' title='bbox 1003 1522 1040 1555; x_wconf 87' lang='lat' dir='ltr'>in</span> <span class='ocrx_word' id='word_1_187' title='bbox 1060 1522 1137 1566; x_wconf 82' lang='lat' dir='ltr'>ipso</span> 
     </span>
    </p>

    <p class='ocr_par' dir='ltr' id='par_1_29' title="bbox 247 1574 1104 1618">
     <span class='ocr_line' id='line_1_29' title="bbox 247 1574 1104 1618; baseline 0.001 -11"><span class='ocrx_word' id='word_1_188' title='bbox 247 1574 430 1608; x_wconf 69' lang='lat' dir='ltr'>Ausoniae.</span> <span class='ocrx_word' id='word_1_189' title='bbox 492 1574 628 1618; x_wconf 84' lang='lat' dir='ltr'>Magno</span> <span class='ocrx_word' id='word_1_190' title='bbox 648 1574 830 1608; x_wconf 76' lang='lat' dir='ltr'>discordes</span> <span class='ocrx_word' id='word_1_191' title='bbox 850 1575 983 1608; x_wconf 65' lang='lat' dir='ltr'>[ethere</span> <span class='ocrx_word' id='word_1_192' title='bbox 1006 1576 1104 1608; x_wconf 86' lang='lat' dir='ltr'>venti</span> 
     </span>
    </p>

    <p class='ocr_par' dir='ltr' id='par_1_30' title="bbox 248 1625 1158 1672">
     <span class='ocr_line' id='line_1_30' title="bbox 248 1625 1158 1672; baseline 0.001 -12"><span class='ocrx_word' id='word_1_193' title='bbox 248 1625 381 1661; x_wconf 78' lang='lat' dir='ltr'>Praelia</span> <span class='ocrx_word' id='word_1_194' title='bbox 400 1639 466 1660; x_wconf 89' lang='lat' dir='ltr'>ceu</span> <span class='ocrx_word' id='word_1_195' title='bbox 483 1628 633 1671; x_wconf 85' lang='lat' dir='ltr'>tollunt,</span> <span class='ocrx_word' id='word_1_196' title='bbox 657 1628 786 1660; x_wconf 79' lang='lat' dir='ltr'>animis</span> <span class='ocrx_word' id='word_1_197' title='bbox 806 1630 842 1661; x_wconf 89' lang='lat' dir='ltr'>et</span> <span class='ocrx_word' id='word_1_198' title='bbox 864 1628 998 1661; x_wconf 85' lang='lat' dir='ltr'>viribus</span> <span class='ocrx_word' id='word_1_199' title='bbox 1018 1629 1132 1672; x_wconf 67' lang='lat' dir='ltr'>aequis</span> <span class='ocrx_word' id='word_1_200' title='bbox 1150 1642 1158 1670; x_wconf 89' lang='lat'>;</span> 
     </span>
    </p>

    <p class='ocr_par' dir='ltr' id='par_1_31' title="bbox 246 1679 1210 1724">
     <span class='ocr_line' id='line_1_31' title="bbox 246 1679 1210 1724; baseline 0.002 -11"><span class='ocrx_word' id='word_1_201' title='bbox 246 1679 334 1713; x_wconf 91' lang='lat' dir='ltr'>Non</span> <span class='ocrx_word' id='word_1_202' title='bbox 353 1680 422 1724; x_wconf 88' lang='lat' dir='ltr'>ipsi</span> <span class='ocrx_word' id='word_1_203' title='bbox 440 1680 537 1714; x_wconf 88' lang='lat' dir='ltr'>inter</span> <span class='ocrx_word' id='word_1_204' title='bbox 556 1693 604 1723; x_wconf 80' lang='lat' dir='ltr'>se,</span> <span class='ocrx_word' id='word_1_205' title='bbox 626 1693 699 1714; x_wconf 84' lang='lat' dir='ltr'>nou</span> <span class='ocrx_word' id='word_1_206' title='bbox 719 1681 856 1724; x_wconf 82' lang='lat' dir='ltr'>nubila,</span> <span class='ocrx_word' id='word_1_207' title='bbox 878 1693 952 1714; x_wconf 84' lang='lat' dir='ltr'>non</span> <span class='ocrx_word' id='word_1_208' title='bbox 971 1693 1069 1715; x_wconf 88' lang='lat' dir='ltr'>mare</span> <span class='ocrx_word' id='word_1_209' title='bbox 1089 1682 1185 1716; x_wconf 86' lang='lat' dir='ltr'>cedit</span> <span class='ocrx_word' id='word_1_210' title='bbox 1203 1695 1210 1723; x_wconf 94' lang='lat'>;</span> 
     </span>
    </p>

    <p class='ocr_par' dir='ltr' id='par_1_32' title="bbox 246 1733 1250 1777">
     <span class='ocr_line' id='line_1_32' title="bbox 246 1733 1250 1777; baseline 0.003 -11"><span class='ocrx_word' id='word_1_211' title='bbox 246 1733 391 1777; x_wconf 81' lang='lat' dir='ltr'>Anceps</span> <span class='ocrx_word' id='word_1_212' title='bbox 410 1745 531 1777; x_wconf 81' lang='lat' dir='ltr'>pugna</span> <span class='ocrx_word' id='word_1_213' title='bbox 550 1734 634 1775; x_wconf 87' lang='lat' dir='ltr'>diu;</span> <span class='ocrx_word' id='word_1_214' title='bbox 664 1737 762 1767; x_wconf 79' lang='lat' dir='ltr'>stant</span> <span class='ocrx_word' id='word_1_215' title='bbox 781 1734 907 1767; x_wconf 78' lang='lat' dir='ltr'>obnixi</span> <span class='ocrx_word' id='word_1_216' title='bbox 924 1747 932 1775; x_wconf 92' lang='lat'>;</span> <span class='ocrx_word' id='word_1_217' title='bbox 961 1735 1082 1767; x_wconf 83' lang='lat' dir='ltr'>omnia</span> <span class='ocrx_word' id='word_1_218' title='bbox 1100 1735 1226 1769; x_wconf 79' lang='lat' dir='ltr'>contra</span> <span class='ocrx_word' id='word_1_219' title='bbox 1244 1748 1250 1769; x_wconf 75' lang='grc' dir='ltr'>ε</span> 
     </span>
    </p>

    <p class='ocr_par' dir='ltr' id='par_1_33' title="bbox 247 1784 1142 1830">
     <span class='ocr_line' id='line_1_33' title="bbox 247 1784 1142 1830; baseline 0.001 -11"><span class='ocrx_word' id='word_1_220' title='bbox 247 1784 357 1819; x_wconf 81' lang='lat' dir='ltr'>Haud</span> <span class='ocrx_word' id='word_1_221' title='bbox 381 1786 486 1819; x_wconf 85' lang='lat' dir='ltr'>aliter</span> <span class='ocrx_word' id='word_1_222' title='bbox 504 1787 668 1830; x_wconf 67' lang='lat' dir='ltr'>Trojanae</span> <span class='ocrx_word' id='word_1_223' title='bbox 688 1787 790 1828; x_wconf 75' lang='lat' dir='ltr'>acies,</span> <span class='ocrx_word' id='word_1_224' title='bbox 815 1787 981 1830; x_wconf 79' lang='lat' dir='ltr'>aciesque</span> <span class='ocrx_word' id='word_1_225' title='bbox 1000 1787 1142 1820; x_wconf 65' lang='lat' dir='ltr'>Latinae</span> 
     </span>
    </p>

    <p class='ocr_par' dir='ltr' id='par_1_34' title="bbox 247 1838 1262 1936">
     <span class='ocr_line' id='line_1_34' title="bbox 247 1838 1262 1883; baseline 0.004 -12"><span class='ocrx_word' id='word_1_226' title='bbox 247 1838 477 1872; x_wconf 83' lang='lat' dir='ltr'>Concurrunt</span> <span class='ocrx_word' id='word_1_227' title='bbox 498 1852 504 1873; x_wconf 68' lang='grc' dir='ltr'><strong><em>ι</em></strong></span> <span class='ocrx_word' id='word_1_228' title='bbox 534 1839 647 1873; x_wconf 64' lang='lat' dir='ltr'>haeret</span> <span class='ocrx_word' id='word_1_229' title='bbox 666 1840 757 1883; x_wconf 86' lang='lat' dir='ltr'>pede</span> <span class='ocrx_word' id='word_1_230' title='bbox 777 1851 850 1883; x_wconf 70' lang='lat' dir='ltr'>pes,</span> <span class='ocrx_word' id='word_1_231' title='bbox 874 1840 1079 1883; x_wconf 81' lang='lat' dir='ltr'>densusque</span> <span class='ocrx_word' id='word_1_232' title='bbox 1101 1840 1177 1874; x_wconf 86' lang='lat' dir='ltr'>viro</span> <span class='ocrx_word' id='word_1_233' title='bbox 1200 1841 1262 1875; x_wconf 90' lang='lat' dir='ltr'>vir.</span> 
     </span>
     <span class='ocr_line' id='line_1_35' title="bbox 301 1892 1111 1936; baseline 0 -11"><span class='ocrx_word' id='word_1_234' title='bbox 301 1892 352 1925; x_wconf 90' lang='lat' dir='ltr'>At</span> <span class='ocrx_word' id='word_1_235' title='bbox 370 1895 472 1936; x_wconf 84' lang='lat' dir='ltr'>parte</span> <span class='ocrx_word' id='word_1_236' title='bbox 492 1904 537 1926; x_wconf 75' lang='lat' dir='ltr'>ex</span> <span class='ocrx_word' id='word_1_237' title='bbox 556 1893 640 1934; x_wconf 71' lang='lat' dir='ltr'>alia,</span> <span class='ocrx_word' id='word_1_238' title='bbox 663 1904 735 1936; x_wconf 76' lang='lat' dir='ltr'>qua</span> <span class='ocrx_word' id='word_1_239' title='bbox 754 1904 840 1926; x_wconf 76' lang='lat' dir='ltr'>saxa</span> <span class='ocrx_word' id='word_1_240' title='bbox 859 1893 1018 1926; x_wconf 76' lang='lat' dir='ltr'>rotantia</span> <span class='ocrx_word' id='word_1_241' title='bbox 1038 1893 1111 1926; x_wconf 74' lang='lat' dir='ltr'>late</span> 
     </span>
    </p>

    <p class='ocr_par' dir='ltr' id='par_1_35' title="bbox 246 1944 1107 1989">
     <span class='ocr_line' id='line_1_36' title="bbox 246 1944 1107 1989; baseline 0.001 -11"><span class='ocrx_word' id='word_1_242' title='bbox 246 1944 431 1979; x_wconf 82' lang='lat' dir='ltr'>Intulerat</span> <span class='ocrx_word' id='word_1_243' title='bbox 450 1947 605 1988; x_wconf 58' lang='lat' dir='ltr'>torrens,</span> <span class='ocrx_word' id='word_1_244' title='bbox 628 1946 848 1989; x_wconf 73' lang='lat' dir='ltr'>arluistaque</span> <span class='ocrx_word' id='word_1_245' title='bbox 868 1946 991 1979; x_wconf 79' lang='lat' dir='ltr'>diruta</span> <span class='ocrx_word' id='word_1_246' title='bbox 1009 1946 1107 1989; x_wconf 85' lang='lat' dir='ltr'>ripis,</span> 
     </span>
    </p>

    <p class='ocr_par' dir='ltr' id='par_1_36' title="bbox 244 1998 1079 2042">
     <span class='ocr_line' id='line_1_37' title="bbox 244 1998 1079 2042; baseline 0 -11"><span class='ocrx_word' id='word_1_247' title='bbox 244 1998 417 2041; x_wconf 76' lang='lat' dir='ltr'>Arcadas,</span> <span class='ocrx_word' id='word_1_248' title='bbox 439 1998 600 2031; x_wconf 53' lang='lat' dir='ltr'>insuetos</span> <span class='ocrx_word' id='word_1_249' title='bbox 620 1999 713 2032; x_wconf 80' lang='lat' dir='ltr'>acies</span> <span class='ocrx_word' id='word_1_250' title='bbox 732 1999 864 2031; x_wconf 72' lang='lat' dir='ltr'>inferre</span> <span class='ocrx_word' id='word_1_251' title='bbox 883 1999 1079 2042; x_wconf 81' lang='lat' dir='ltr'>pedestres,</span> 
     </span>
    </p>

    <p class='ocr_par' dir='ltr' id='par_1_37' title="bbox 247 2050 1093 2095">
     <span class='ocr_line' id='line_1_38' title="bbox 247 2050 1093 2095; baseline 0.001 -11"><span class='ocrx_word' id='word_1_252' title='bbox 247 2050 300 2084; x_wconf 90' lang='lat' dir='ltr'>Ut</span> <span class='ocrx_word' id='word_1_253' title='bbox 319 2051 413 2085; x_wconf 89' lang='lat' dir='ltr'>vidit</span> <span class='ocrx_word' id='word_1_254' title='bbox 432 2051 553 2085; x_wconf 78' lang='lat' dir='ltr'>Pallas</span> <span class='ocrx_word' id='word_1_255' title='bbox 573 2051 679 2085; x_wconf 84' lang='lat' dir='ltr'>Latio</span> <span class='ocrx_word' id='word_1_256' title='bbox 698 2052 783 2085; x_wconf 80' lang='lat' dir='ltr'>dare</span> <span class='ocrx_word' id='word_1_257' title='bbox 802 2055 904 2094; x_wconf 66' lang='lat' dir='ltr'>terga</span> <span class='ocrx_word' id='word_1_258' title='bbox 923 2052 1068 2095; x_wconf 78' lang='lat' dir='ltr'>sequaci</span> <span class='ocrx_word' id='word_1_259' title='bbox 1086 2065 1093 2093; x_wconf 83' lang='lat'><em>3</em></span> 
     </span>
    </p>

    <p class='ocr_par' dir='ltr' id='par_1_38' title="bbox 246 2104 1118 2148">
     <span class='ocr_line' id='line_1_39' title="bbox 246 2104 1118 2148; baseline 0 -11"><span class='ocrx_word' id='word_1_260' title='bbox 246 2104 385 2148; x_wconf 68' lang='lat' dir='ltr'>Aspera</span> <span class='ocrx_word' id='word_1_261' title='bbox 405 2104 508 2148; x_wconf 88' lang='lat' dir='ltr'>queis</span> <span class='ocrx_word' id='word_1_262' title='bbox 527 2107 660 2138; x_wconf 80' lang='lat' dir='ltr'>natura</span> <span class='ocrx_word' id='word_1_263' title='bbox 678 2104 748 2138; x_wconf 91' lang='lat' dir='ltr'>loci</span> <span class='ocrx_word' id='word_1_264' title='bbox 768 2105 951 2138; x_wconf 76' lang='lat' dir='ltr'>dimittere</span> <span class='ocrx_word' id='word_1_265' title='bbox 971 2105 1118 2148; x_wconf 79' lang='lat' dir='ltr'>quando</span> 
     </span>
    </p>

    <p class='ocr_par' dir='ltr' id='par_1_39' title="bbox 247 2156 1196 2202">
     <span class='ocr_line' id='line_1_40' title="bbox 247 2156 1196 2202; baseline 0.001 -12"><span class='ocrx_word' id='word_1_266' title='bbox 247 2156 368 2190; x_wconf 81' lang='lat' dir='ltr'>Suasit</span> <span class='ocrx_word' id='word_1_267' title='bbox 387 2168 498 2201; x_wconf 81' lang='lat' dir='ltr'>equos</span> <span class='ocrx_word' id='word_1_268' title='bbox 515 2171 523 2199; x_wconf 79' lang='lat'><em>3</em></span> <span class='ocrx_word' id='word_1_269' title='bbox 552 2169 666 2191; x_wconf 87' lang='lat' dir='ltr'>unum</span> <span class='ocrx_word' id='word_1_270' title='bbox 687 2157 785 2201; x_wconf 89' lang='lat' dir='ltr'>quod</span> <span class='ocrx_word' id='word_1_271' title='bbox 805 2157 913 2190; x_wconf 79' lang='lat' dir='ltr'>rebus</span> <span class='ocrx_word' id='word_1_272' title='bbox 931 2160 1044 2191; x_wconf 85' lang='lat' dir='ltr'>restat</span> <span class='ocrx_word' id='word_1_273' title='bbox 1063 2158 1196 2202; x_wconf 83' lang='lat' dir='ltr'>egenis,</span> 
     </span>
    </p>

    <p class='ocr_par' dir='ltr' id='par_1_40' title="bbox 245 2209 1296 2254">
     <span class='ocr_line' id='line_1_41' title="bbox 245 2209 1296 2254; baseline 0.003 -11"><span class='ocrx_word' id='word_1_274' title='bbox 245 2209 281 2243; x_wconf 84' lang='lat' dir='ltr'>N</span> <span class='ocrx_word' id='word_1_275' title='bbox 287 2221 358 2244; x_wconf 88' lang='lat' dir='ltr'>unc</span> <span class='ocrx_word' id='word_1_276' title='bbox 377 2222 493 2254; x_wconf 86' lang='lat' dir='ltr'>prece,</span> <span class='ocrx_word' id='word_1_277' title='bbox 516 2222 614 2244; x_wconf 88' lang='lat' dir='ltr'>nunc</span> <span class='ocrx_word' id='word_1_278' title='bbox 634 2211 742 2244; x_wconf 87' lang='lat' dir='ltr'>dictis</span> <span class='ocrx_word' id='word_1_279' title='bbox 762 2211 937 2244; x_wconf 82' lang='lat' dir='ltr'>virtutem</span> <span class='ocrx_word' id='word_1_280' title='bbox 956 2211 1120 2245; x_wconf 83' lang='lat' dir='ltr'>accendit</span> <span class='ocrx_word' id='word_1_281' title='bbox 1140 2212 1270 2246; x_wconf 79' lang='lat' dir='ltr'>amaris</span> <span class='ocrx_word' id='word_1_282' title='bbox 1288 2223 1296 2246; x_wconf 71' lang='grc' dir='ltr'><strong><em>ε</em></strong></span> 
     </span>
    </p>

    <p class='ocr_par' dir='ltr' id='par_1_41' title="bbox 249 2263 1168 2308">
     <span class='ocr_line' id='line_1_42' title="bbox 249 2263 1168 2308; baseline 0.002 -12"><span class='ocrx_word' id='word_1_283' title='bbox 249 2263 275 2280; x_wconf 90' lang='lat'><strong>“</strong></span> <span class='ocrx_word' id='word_1_284' title='bbox 290 2263 369 2303; x_wconf 81' lang='lat' dir='ltr'>Quo</span> <span class='ocrx_word' id='word_1_285' title='bbox 389 2263 528 2307; x_wconf 83' lang='lat' dir='ltr'>fugitis,</span> <span class='ocrx_word' id='word_1_286' title='bbox 552 2264 637 2297; x_wconf 89' lang='lat' dir='ltr'>socii</span> <span class='ocrx_word' id='word_1_287' title='bbox 654 2264 665 2297; x_wconf 72' lang='lat'>2</span> <span class='ocrx_word' id='word_1_288' title='bbox 694 2275 757 2308; x_wconf 86' lang='lat' dir='ltr'>per</span> <span class='ocrx_word' id='word_1_289' title='bbox 775 2275 852 2306; x_wconf 79' lang='lat' dir='ltr'>VOS,</span> <span class='ocrx_word' id='word_1_290' title='bbox 875 2266 912 2297; x_wconf 93' lang='lat' dir='ltr'>et</span> <span class='ocrx_word' id='word_1_291' title='bbox 931 2264 1041 2297; x_wconf 81' lang='lat' dir='ltr'>fortia</span> <span class='ocrx_word' id='word_1_292' title='bbox 1059 2264 1168 2308; x_wconf 77' lang='lat' dir='ltr'>facta,</span> 
     </span>
    </p>

    <p class='ocr_par' dir='ltr' id='par_1_42' title="bbox 247 2314 1152 2360">
     <span class='ocr_line' id='line_1_43' title="bbox 247 2314 1152 2360; baseline 0.002 -11"><span class='ocrx_word' id='word_1_293' title='bbox 247 2314 318 2349; x_wconf 72' lang='lat' dir='ltr'>Per</span> <span class='ocrx_word' id='word_1_294' title='bbox 337 2316 439 2350; x_wconf 82' lang='lat' dir='ltr'>ducis</span> <span class='ocrx_word' id='word_1_295' title='bbox 459 2316 622 2350; x_wconf 84' lang='lat' dir='ltr'>Evandri</span> <span class='ocrx_word' id='word_1_296' title='bbox 641 2328 785 2360; x_wconf 89' lang='lat' dir='ltr'>nomen,</span> <span class='ocrx_word' id='word_1_297' title='bbox 809 2316 1025 2360; x_wconf 85' lang='lat' dir='ltr'>devictaque</span> <span class='ocrx_word' id='word_1_298' title='bbox 1044 2317 1152 2359; x_wconf 84' lang='lat' dir='ltr'>bella,</span> 
     </span>
    </p>

    <p class='ocr_par' dir='ltr' id='par_1_43' title="bbox 246 2367 1366 2415">
     <span class='ocr_line' id='line_1_44' title="bbox 246 2367 1366 2415; baseline 0.003 -13"><span class='ocrx_word' id='word_1_299' title='bbox 246 2367 427 2413; x_wconf 79' lang='lat' dir='ltr'>Spemque</span> <span class='ocrx_word' id='word_1_300' title='bbox 447 2381 578 2414; x_wconf 84' lang='lat' dir='ltr'>meam,</span> <span class='ocrx_word' id='word_1_301' title='bbox 601 2370 727 2415; x_wconf 75' lang='lat' dir='ltr'>patriae</span> <span class='ocrx_word' id='word_1_302' title='bbox 747 2381 830 2414; x_wconf 83' lang='lat' dir='ltr'>quae</span> <span class='ocrx_word' id='word_1_303' title='bbox 850 2381 948 2404; x_wconf 88' lang='lat' dir='ltr'>nunc</span> <span class='ocrx_word' id='word_1_304' title='bbox 967 2369 1066 2404; x_wconf 86' lang='lat' dir='ltr'>subit</span> <span class='ocrx_word' id='word_1_305' title='bbox 1087 2371 1217 2405; x_wconf 54' lang='lat' dir='ltr'>aemula</span> <span class='ocrx_word' id='word_1_306' title='bbox 1237 2370 1366 2412; x_wconf 71' lang='lat' dir='ltr'>laudis,</span> 
     </span>
    </p>
   </div>
   <div class='ocr_carea' id='block_1_4' title="bbox 1419 465 1459 485">
    <p class='ocr_par' dir='ltr' id='par_1_44' title="bbox 1419 465 1459 485">
     <span class='ocr_line' id='line_1_45' title="bbox 1419 465 1459 485; baseline 0.025 -1"><span class='ocrx_word' id='word_1_307' title='bbox 1419 465 1459 485; x_wconf 66' lang='lat'>3351</span> 
     </span>
    </p>
   </div>
   <div class='ocr_carea' id='block_1_5' title="bbox 1419 729 1458 748">
    <p class='ocr_par' dir='ltr' id='par_1_45' title="bbox 1419 729 1458 748">
     <span class='ocr_line' id='line_1_46' title="bbox 1419 729 1458 748; baseline 0.026 -1"><span class='ocrx_word' id='word_1_308' title='bbox 1419 729 1458 748; x_wconf 63' lang='lat'>36⁰</span> 
     </span>
    </p>
   </div>
   <div class='ocr_carea' id='block_1_6' title="bbox 1417 994 1458 1013">
    <p class='ocr_par' dir='ltr' id='par_1_46' title="bbox 1417 994 1458 1013">
     <span class='ocr_line' id='line_1_47' title="bbox 1417 994 1458 1013; baseline 0 0"><span class='ocrx_word' id='word_1_309' title='bbox 1417 994 1458 1013; x_wconf 65' lang='lat'>3⁸⁵</span> 
     </span>
    </p>
   </div>
   <div class='ocr_carea' id='block_1_7' title="bbox 1416 1259 1458 1278">
    <p class='ocr_par' dir='ltr' id='par_1_47' title="bbox 1416 1259 1458 1278">
     <span class='ocr_line' id='line_1_48' title="bbox 1416 1259 1458 1278; baseline 0 0"><span class='ocrx_word' id='word_1_310' title='bbox 1416 1259 1458 1278; x_wconf 65' lang='lat'>350</span> 
     </span>
    </p>
   </div>
   <div class='ocr_carea' id='block_1_8' title="bbox 1415 1788 1456 1807">
    <p class='ocr_par' dir='ltr' id='par_1_48' title="bbox 1415 1788 1456 1807">
     <span class='ocr_line' id='line_1_49' title="bbox 1415 1788 1456 1807; baseline 0.049 -3"><span class='ocrx_word' id='word_1_311' title='bbox 1415 1788 1456 1807; x_wconf 74' lang='lat' dir='ltr'>3s=0</span> 
     </span>
    </p>
   </div>
   <div class='ocr_carea' id='block_1_9' title="bbox 1415 2051 1457 2072">
    <p class='ocr_par' dir='ltr' id='par_1_49' title="bbox 1415 2051 1457 2072">
     <span class='ocr_line' id='line_1_50' title="bbox 1415 2051 1457 2072; baseline 0.048 -2"><span class='ocrx_word' id='word_1_312' title='bbox 1415 2051 1457 2072; x_wconf 65' lang='lat' dir='ltr'>3st</span> 
     </span>
    </p>
   </div>
   <div class='ocr_carea' id='block_1_10' title="bbox 1414 2316 1456 2339">
    <p class='ocr_par' dir='ltr' id='par_1_50' title="bbox 1414 2316 1456 2339">
     <span class='ocr_line' id='line_1_51' title="bbox 1414 2316 1456 2339; baseline -0.024 -4"><span class='ocrx_word' id='word_1_313' title='bbox 1414 2316 1456 2339; x_wconf 75' lang='lat'>370</span> 
     </span>
    </p>
   </div>
  </div>
 </body>
</html>
