1559 2584
116 111 199 150 226

600 119 787 148 VIRGILII
818 118 972 146 AENEIS.

223 207 367 252 Objecit
386 219 463 241 sese
482 205 529 240 ad
549 217 705 249 currum,
730 208 767 240 et
786 206 994 250 spumantia
1013 206 1136 241 fraenis

225 261 298 295 Ora
316 260 512 294 citatorum
531 259 665 293 dextra
684 259 838 293 detorsit
859 271 1044 303 equorum.

222 313 324 348 Dum
342 313 515 355 trahitur,
536 313 746 356 pendetque
760 311 872 356 jugis,
895 312 992 346 hunc
1009 313 1086 346 lata
1104 315 1284 347 retectum

223 365 367 401 Lancea
385 365 632 410 consequitur,
653 365 865 409 rumpitque
883 365 998 399 infixa
1016 365 1160 399 bilicem

224 419 403 462 Loricam,
425 421 463 453 et
482 430 666 452 summum
685 418 855 462 degustat
877 419 1025 452 vulnere
1044 430 1182 463 corpus.

225 473 294 507 Ille
313 475 450 516 tamen,
473 472 600 516 clypeo
619 471 775 516 objecto,
798 483 992 505 conversus
1011 472 1050 505 in
1069 472 1212 506 hostem

225 525 322 569 Ibat,
344 528 382 560 et
401 525 581 559 auxilium
601 525 711 559 ducto
730 536 903 559 mucrone
921 525 1069 568 petebat
1086 538 1094 566 ;

226 578 349 620 Quum
367 581 449 613 rota
466 578 692 623 praecipitem
711 580 748 612 et
767 589 943 622 procursu
963 578 1126 612 consitus
1145 578 1223 612 axis

225 632 391 677 Impulit,
415 631 644 675 effunditque
663 631 739 665 solo
756 644 765 672 ;
794 631 1012 675 Turnusque
1032 633 1191 675 secutus,

226 686 345 719 Imam
363 685 460 719 inter
477 685 618 729 galeam
639 684 772 718 summi
790 684 951 718 thoracis
971 687 1008 718 et
1028 696 1119 728 oras,

226 739 394 773 Abstulit
413 750 496 772 ense
516 740 638 782 caput,
660 740 907 781 truncumque
925 737 1075 781 reliquit
1093 739 1211 771 arena.

279 792 404 836 Atque
423 803 465 825 ea
483 791 572 825 dum
591 790 726 834 campis
745 791 861 824 victor
880 791 944 824 dat
962 791 1093 824 funera
1111 791 1268 835 Turnus,

227 845 375 879 Interea
390 845 536 878 AEnean
556 844 783 887 Mnestheus,
809 846 846 877 et
865 843 960 877 fidus
980 844 1152 887 Achates,

226 898 478 942 Ascaniusque
498 909 628 940 comes,
652 897 777 931 castris
797 897 958 930 statuere
977 900 1185 943 cruentum,

226 951 400 985 Alternos
418 951 527 995 longa
545 951 726 984 nitentem
746 950 893 994 cuspide
911 961 1064 994 gressus.

227 1004 351 1048 Saevit,
374 1006 411 1038 et
428 1004 585 1037 infracta
603 1003 766 1037 luctatur
783 1003 962 1036 arundine
980 1003 1097 1037 telum

225 1057 387 1101 Eripere,
409 1057 618 1100 auxilioque
639 1056 746 1099 viam,
769 1067 852 1100 quae
871 1056 1050 1100 proxima,
1071 1056 1188 1100 poscit
1204 1069 1213 1098 ;

227 1110 324 1144 Ense
345 1112 468 1143 secent
486 1110 562 1143 lato
583 1110 730 1152 vulnus,
752 1109 890 1153 telique
909 1109 1085 1143 latebram

226 1163 451 1197 Rescindant
470 1162 627 1207 penitus,
653 1174 801 1206 seseque
819 1162 858 1195 in
878 1162 973 1196 bella
991 1162 1192 1196 remittant.

227 1216 387 1261 Jamque
403 1216 530 1250 aderat
549 1216 691 1249 Phoebo
710 1218 795 1249 ante
815 1215 904 1249 alios
924 1215 1079 1249 dilectus
1099 1215 1198 1260 Iapis

228 1269 367 1303 Iasides
388 1283 395 1311 ;
424 1269 497 1303 acri
517 1269 704 1313 quondam
724 1269 782 1302 cui
801 1271 930 1313 captus
949 1280 1071 1302 amore

229 1323 312 1367 Ipse
334 1335 416 1357 suas
435 1325 543 1366 arteS,
567 1334 632 1356 sua
650 1333 814 1365 munera,
836 1322 945 1356 laetus
968 1322 1108 1366 Apollo,

229 1377 436 1421 Augurium
455 1376 714 1419 citharamque,
739 1375 860 1418 dabat,
885 1375 1088 1419 celeresque
1107 1374 1258 1419 sagittas
1277 1386 1286 1411 ε

230 1430 309 1473 Ι116,
334 1433 376 1463 ut
395 1429 551 1473 depositi
570 1429 748 1473 proferret
766 1429 843 1462 fata
861 1429 1033 1472 parentis,

231 1483 328 1517 Scire
347 1485 546 1527 potestates
565 1482 759 1516 herbarum
780 1493 960 1526 usumque
981 1481 1153 1515 medendi

230 1536 379 1579 Maluit,
402 1539 439 1569 et
458 1538 579 1569 mutas
599 1535 736 1579 agitare
756 1535 926 1579 inglorias
945 1537 1051 1569 artes.

231 1589 359 1623 Stabat
379 1589 507 1622 acerba
525 1589 695 1631 fremens,
718 1588 904 1632 ingentem
924 1588 1034 1621 nixus
1053 1588 1091 1621 111
1113 1588 1256 1622 hastam

230 1642 380 1685 AEneaS‚
398 1653 530 1685 magno
546 1641 727 1685 juvenum
743 1644 780 1674 et
799 1641 988 1675 moereutis
1007 1641 1080 1674 Iuli

230 1695 428 1738 Concursu,
451 1695 620 1738 lacrymis
639 1694 835 1728 immobilis
856 1707 862 1728 ς
892 1694 965 1737 ille,
997 1697 1135 1727 retorto

229 1749 421 1782 Paeonium
440 1748 478 1781 111
498 1759 637 1781 morem
657 1748 775 1781 senior
795 1747 1000 1781 succinctus
1027 1747 1175 1790 amictu,

229 1802 353 1835 Multa
373 1813 485 1835 manu
505 1800 647 1834 medica
667 1800 871 1844 Phoebique
890 1800 1102 1844 potentibus
1121 1800 1242 1834 herbis

228 1855 267 1888 N
269 1867 435 1899 equicqu
427 1866 486 1888 1111
504 1854 624 1898 trepid
627 1856 690 1896 11),
719 1853 963 1898 nequicquam
981 1854 1118 1897 spicula
1137 1851 1271 1888 dextra¹

229 1908 378 1942 Sollicit
372 1911 422 1951 tt,
445 1910 666 1956 prensatque
685 1907 805 1941 tenaci
824 1907 958 1951 forcipe
978 1907 1124 1940 ferrum.

228 1951 370 1995 Nulla
363 1962 408 1995 vi
402 1973 460 1994 un
480 1961 646 1995 Fortuna
664 1961 770 2005 regit,
794 1960 886 1993 nihil
910 1963 1037 1994 auctor
1055 1960 1190 2004 Apollo

228 2014 329 2048 Subv
332 2015 436 2049 enit:
467 2017 504 2048 et
523 2026 595 2047 saei
598 2025 642 2047 us
662 2014 797 2058 campis
816 2013 931 2057 magis
950 2025 991 2047 ac
1009 2014 1124 2057 magis
1149 2013 1276 2047 horror

227 2068 425 2111 Crebescit,
448 2067 671 2112 propiusque
691 2067 829 2100 malum
849 2069 904 2100 est
924 2079 931 2101 :
957 2067 1036 2111 jam
1054 2066 1203 2110 pulvere
1224 2067 1357 2100 coelum

227 2121 331 2155 Stare
351 2121 480 2155 vident
499 2134 506 2162 ;
536 2120 696 2154 subeunt
716 2120 869 2164 equites,
892 2123 929 2153 et
949 2120 1086 2164 spicula
1106 2120 1232 2153 castris

224 2174 351 2208 Densa
371 2174 508 2208 cadunt
527 2173 658 2207 mediis
677 2186 685 2215 ;
715 2176 751 2207 et
771 2173 886 2207 tristis
906 2172 953 2207 ad
972 2173 1109 2206 {ethera
1124 2173 1259 2206 clamor

225 2227 441 2261 Bellantssm
457 2227 652 2271 juvenum,
675 2230 712 2260 et
732 2227 823 2260 duro
843 2226 911 2260 sub
931 2226 1053 2260 Marte
1073 2225 1278 2261 cadentum.

223 2280 300 2315 Hic
320 2280 461 2324 Venus,
483 2279 636 2324 indigno
655 2280 733 2314 nati
753 2291 925 2314 concusso
943 2279 1079 2322 dolore,

222 2333 467 2368 Dictamnum
482 2333 642 2377 genitrix
662 2333 801 2367 Cretaea
821 2332 935 2377 carpit
954 2332 1000 2366 ab
1019 2331 1099 2375 Ida,

223 2387 434 2421 Puberibus
454 2386 594 2420 caulem
614 2386 723 2429 foliis,
746 2388 783 2420 ct
802 2386 888 2419 flore
917 2387 1121 2419 comantem

1401 363 1443 386 375

1401 628 1444 648 380

1402 894 1444 914 355

1404 1160 1445 1180 :390

1405 1426 1447 1447 395

1405 1693 1448 1713 ⁴00

1405 1958 1447 1980 405

1404 2224 1445 2245 410
