1559 2584
124 89 203 127 106

585 99 771 127 VIRGILII
800 97 954 125 AENEIS.

228 182 314 216 Tres
334 181 592 224 Antenoridas,
615 181 806 225 Cererique
826 192 968 215 sacrum
986 180 1243 226 Polyphoeten,

229 236 457 278 Idaeumque,
480 234 589 267 etiam
610 245 747 276 currus,
769 235 880 267 etiam
898 245 998 267 arma
1015 237 1212 268 tenentem.

230 288 476 322 Circumstant
494 286 625 320 animae
645 287 775 321 dextra
792 287 958 331 laevaque
975 287 1193 332 frequentes.

230 341 310 375 Nec
330 340 462 374 vidisse
482 339 592 373 semel
612 339 699 373 satis
718 343 792 373 est:
817 339 927 383 juvat
944 351 1061 384 usque
1079 340 1221 383 morari,

230 394 279 428 Et
298 394 461 427 conferre
479 392 644 436 gradum,
667 395 704 426 et
725 392 894 426 veniendi
913 392 1048 426 discere
1067 404 1200 427 causas.

229 448 282 481 At
301 447 470 480 Danaum
487 456 663 489 procereS,
685 445 1054 489 Agamemnoniaeque
1071 445 1280 490 phalanges,

232 500 285 533 Ut
305 499 427 533 videre
445 499 566 532 virum
584 498 833 542 fulgentiaque
853 510 952 532 arma
970 510 1034 542 per
1052 499 1211 542 umbras,

232 552 380 596 Ingenti
400 551 581 596 trepidare
599 554 701 585 metu
720 563 726 585 :
754 563 837 595 pars
848 554 989 585 vertere
1007 557 1120 595 terga,

233 605 307 639 Ceu
329 605 516 649 quondam
533 604 669 648 petiere
687 607 784 638 rates
803 617 811 645 3
839 616 922 648 pars
940 604 1068 638 tollere
1087 615 1213 638 vocem

231 658 411 702 Exiguam
432 671 439 699 3
467 657 634 701 inceptus
653 657 788 691 clamor
804 657 1001 691 frustratur
1017 657 1170 691 hiantes.

233 713 359 755 Atque
378 711 437 744 hic
457 710 665 744 Priamiden
684 710 863 744 laniatum
882 721 1028 754 corpore
1045 712 1126 744 toto

233 764 466 808 Deiphobum
481 763 587 806 vidit,
608 764 768 797 lacerum
788 763 982 797 crudeliter
1000 774 1062 796 ora
1082 775 1090 804 3

235 817 320 860 Ora,
342 828 545 860 manusque
564 817 699 859 ambas,
721 816 967 860 populataque
987 818 1152 859 tempora
1171 815 1284 859 raptis

234 870 408 914 Auribus,
431 872 467 903 et
486 871 634 903 truncas
652 869 845 903 inhonesto
864 869 1014 903 vulnere
1033 880 1146 902 nares.

234 922 311 956 Vix
329 923 419 956 adeo
438 922 586 966 agnovit
606 922 844 966 pavitantem,
867 925 904 955 et
923 922 1002 956 dira
1020 924 1206 965 tegentem

236 976 420 1020 Supplicia
440 989 447 1017 3
476 978 512 1008 et
532 976 629 1009 notis
648 976 840 1019 compellat
859 975 1007 1008 vocibus
1025 975 1124 1008 ultro
1143 987 1149 1008 ;

239 1031 264 1047 “
278 1028 466 1072 Deiphobe
486 1028 720 1072 armipotens,
742 1039 856 1072 genus
875 1028 949 1061 alto
969 1040 989 1061 a
1008 1027 1183 1071 sanguine
1203 1026 1343 1069 Teucri,

238 1082 329 1123 Quis
348 1085 424 1115 tam
444 1081 606 1115 crudeles
626 1081 768 1125 optavit
788 1092 929 1114 sumere
947 1092 1074 1124 poenas
1092 1080 1104 1114 2

238 1135 306 1168 Cui
324 1136 470 1168 tantum
491 1134 535 1167 de
554 1136 591 1166 te
610 1133 714 1167 licuit
730 1133 742 1167 ’.ἱ
796 1133 891 1167 Mihi
910 1133 1008 1167 fama
1027 1134 1195 1177 suprema

238 1188 358 1221 Nocte
377 1187 477 1230 tulit,
500 1187 637 1220 fessum
656 1189 758 1220 vasta
777 1189 815 1220 te
835 1186 932 1220 caede
952 1186 1147 1230 Pelasgum

238 1240 477 1274 Procubuisse
498 1251 605 1284 super
623 1241 782 1273 confusae
802 1240 929 1283 stragis
947 1251 1125 1273 acervum.

239 1294 342 1328 Tunc
361 1296 504 1338 egomet
522 1293 708 1327 tumulum
728 1293 885 1327 Rhoeteo
903 1293 942 1326 in
961 1293 1084 1326 littore
1104 1292 1250 1326 inanem

239 1346 434 1389 Constitui,
458 1349 492 1379 et
514 1348 645 1390 magna
664 1347 794 1380 Manes
812 1349 869 1380 ter
887 1358 974 1380 voce
988 1346 1125 1380 vocavi.

242 1400 389 1434 Nomen
411 1402 447 1433 et
467 1411 566 1433 arma
585 1400 705 1433 locum
725 1401 872 1433 servant
889 1412 895 1433 :
925 1401 974 1443 te,
997 1399 1122 1442 amice,
1145 1397 1295 1442 nequivi

241 1453 466 1497 Oonspicere,
490 1455 526 1486 et
546 1453 664 1496 patria
684 1453 861 1487 decedens
879 1464 1012 1497 ponere
1031 1452 1167 1486 terra.’'

1398 232 1440 252 433

1403 495 1444 515 49a

1404 760 1445 779 4¹15

1407 1024 1448 1043 izo]

1412 1289 1452 1309 3:1⁵³

240 1507 301 1541 Ad
317 1518 399 1550 quae
413 1505 491 1539 haec
504 1505 704 1539 Priamides
718 1519 724 1540 :
748 1508 773 1524 “
782 1506 920 1539 Nihilo
932 1506 1012 1549 tibi,
1029 1506 1153 1548 amice,
1169 1505 1338 1538 relictum
1351 1507 1403 1537 cst
1419 1516 1425 1538 :

241 1560 374 1594 Omnia
391 1559 582 1603 Deiphobo
601 1559 754 1602 solvisti,
773 1562 808 1592 et
827 1559 964 1592 funeris
982 1558 1130 1592 umbris.

242 1613 312 1647 Sed
332 1624 389 1646 me
408 1613 486 1646 fata
504 1623 585 1645 mea
604 1614 640 1645 et
659 1612 773 1645 scelus
793 1612 939 1645 exitiale
958 1612 1121 1645 Lacaenae

244 1665 315 1699 His
334 1665 489 1699 mersere
507 1665 612 1698 malis
633 1677 639 1699 :
668 1664 731 1698 illa
749 1665 828 1699 haec
846 1667 1085 1698 monumenta
1103 1663 1261 1708 reliquit.

243 1718 427 1762 Namque,
448 1720 492 1752 ut
511 1729 716 1762 supremam
734 1718 825 1751 falsa
842 1718 939 1752 inter
957 1718 1088 1762 gaudia
1106 1721 1251 1751 noctem

242 1772 445 1816 EgerimuS,
466 1771 564 1805 nosti
583 1784 591 1812 3
621 1773 658 1804 et
676 1771 830 1804 nimium
849 1771 1054 1805 meminisse
1074 1782 1217 1804 necesse
1237 1773 1299 1804 est.

245 1826 367 1866 Quum
386 1824 508 1858 fatalis
528 1835 643 1868 equus
663 1824 759 1857 saltu
779 1836 886 1868 super
904 1824 1017 1858 ardua
1036 1824 1137 1858 venit

246 1879 434 1922 Pergama,
457 1880 493 1910 et
512 1879 693 1910 armatum
711 1877 871 1921 peditem
891 1878 1010 1921 gravis
1029 1876 1156 1911 attulit
1175 1877 1267 1919 alvo,

244 1932 324 1975 Illa,
350 1931 499 1964 chorum
519 1930 706 1973 simulans,
729 1930 890 1964 Evantes
909 1931 1007 1974 orgia
1026 1931 1159 1964 circum

244 1985 412 2019 Ducebat
426 1983 605 2027 Phrygias
625 1996 631 2017 :
661 1984 844 2018 flammam
863 1984 983 2017 media
1001 1984 1078 2027 ipsa
1096 1983 1246 2016 tenebat

246 2038 451 2082 Ingentem,
475 2039 511 2070 et
532 2039 673 2070 summa
692 2037 838 2071 Danaos
859 2049 904 2070 ex
924 2049 1004 2070 arce
1024 2036 1185 2070 vocabat.

245 2091 339 2125 Tum
358 2101 416 2124 me
436 2089 642 2123 confectum
662 2090 767 2133 curis,
791 2101 990 2133 somnoque
1009 2092 1213 2134 gravatum,

246 2144 384 2177 Infelix
402 2143 532 2176 habuit
551 2143 747 2186 thalamus,
769 2143 971 2187 pressitque
987 2143 1172 2187 jacentem

248 2197 375 2231 Dulcis
394 2198 432 2230 et
451 2195 527 2229 alta
545 2195 659 2239 quies,
681 2196 906 2240 placidaeque
926 2196 1109 2229 simillima
1128 2194 1247 2229 morti.

247 2249 402 2294 Egregia
423 2249 562 2282 interea
581 2249 717 2293 conjux
736 2261 836 2283 arma
854 2249 975 2283 omnia
993 2249 1100 2283 tectis

249 2303 416 2345 Emovet,
439 2304 476 2336 et
495 2301 611 2335 fidum
630 2302 741 2346 capiti
759 2302 984 2336 subduxerat
1004 2313 1125 2336 ensem
1143 2314 1151 2342 3

249 2357 355 2390 Intra
372 2356 470 2389 tecta
487 2357 594 2388 vocat
612 2355 837 2400 Menelaum,
859 2357 896 2389 et
913 2355 1041 2389 limina
1059 2354 1187 2399 pandit
1206 2366 1213 2389 :

1414 1555 1454 1574 {110

1418 1820 1457 1840 515²
