1528 2569
687 97 819 124 LIBER
849 98 877 125 1.

219 183 315 225 Quid
335 195 437 217 meus
457 183 595 217 AEneas
614 184 651 217 in
671 186 708 217 te
729 183 953 217 committere
973 185 1131 227 tantum,

220 237 318 277 Quid
338 237 447 270 Troes
466 237 617 280 potuere
634 238 645 270 ’ἶ
674 237 821 281 quibus,
844 240 901 270 tot
920 237 1049 270 funera
1067 237 1194 282 passiS,

218 290 380 323 Cunctus
400 290 445 323 ob
466 289 611 323 Italiam
630 295 810 323 terrarum
829 289 1011 324 clauditur
1029 290 1151 324 orbis?

218 343 324 376 Certe
342 342 428 376 hinc
447 342 632 376 Romanos
651 343 749 386 olim,
774 343 1006 376 volventibus
1025 343 1141 386 annis,

219 395 318 429 Hinc
337 396 414 429 fore
434 395 614 439 ductores,
639 398 808 429 revocato
828 407 849 430 a
869 396 1044 439 sanguine
1063 396 1204 440 Teucri,

219 448 291 489 Qui
309 460 420 491 mare,
443 448 508 492 qui
526 452 641 482 terras
659 449 759 482 omni
777 449 916 482 ditione
934 451 1115 492 tenerent,

219 501 410 535 Pollicitus
427 514 434 535 :
463 512 546 545 quae
565 504 614 544 te,
638 502 802 545 Genitor,
824 502 1005 536 sententia
1023 503 1134 536 vertit
1151 501 1164 536 ’.ἱ

220 554 304 588 Ηο0
322 554 492 598 equidem
513 566 680 588 occasum
699 555 816 599 Trojae
835 555 1029 599 tristesque
1047 555 1172 589 ruinas

220 607 381 650 Solabar,
402 608 488 640 fatis
508 608 688 641 contraria
706 608 783 642 fata
801 607 1011 651 rependens,

220 660 332 694 Nunc
352 661 477 694 eadem
496 660 645 693 fortuna
664 660 760 693 viros
778 663 835 693 tot
856 660 997 695 casibus
1016 663 1116 694 actos

220 713 434 757 Insequitur
451 726 458 747 z
488 723 596 755 quein
617 713 681 746 das
700 713 821 756 finem,
844 725 909 746 rex
928 724 1070 757 magne,
1092 713 1285 749 laborum?

220 767 387 799 Antenor
405 766 540 809 potuit,
563 766 692 799 mediis
712 766 855 809 elapsus
875 766 1036 811 Achivis,

219 818 386 862 Illyricos
405 821 595 862 penetrare
615 819 727 862 sinus,
751 822 861 862 atque
881 819 1012 852 intima
1031 822 1137 852 tutus

220 871 348 914 Regna
366 871 623 914 Liburnorum,
647 874 683 905 et
703 872 842 905 fontem
863 883 1030 915 superare
1050 872 1191 905 Timavi
1209 884 1216 907 :

220 923 328 957 Unde
347 935 411 968 per
430 935 493 958 ora
511 936 643 958 novem
663 927 766 958 vasto
786 936 869 958 011111
888 937 1074 958 murmure
1094 926 1230 959 montis

220 977 258 1011 It
276 989 374 1011 mare
392 980 621 1021 proruptum,
645 980 681 1011 et
700 978 826 1022 pelago
845 978 977 1021 premit
995 990 1081 1011 arva
1100 979 1255 1013 sonanti.

221 1030 294 1063 Hic
313 1033 437 1064 tamen
456 1030 517 1063 ille
537 1030 665 1064 urbem
686 1030 818 1064 Patavi
837 1031 1012 1075 sedesque
1031 1031 1166 1065 locavit

222 1083 454 1126 Teucrorum,
476 1086 513 1117 et
531 1084 633 1127 genti
651 1096 784 1117 nomen
804 1084 919 1127 dedit,
942 1095 1115 1131 armaque
1135 1084 1218 1120 fixit

222 1136 327 1169 Troia
348 1149 354 1170 z
384 1148 482 1170 1111110
500 1137 644 1180 placidii
663 1137 869 1181 compostus
889 1149 975 1181 pace
996 1137 1159 1181 quiescit,

222 1189 259 1222 N
262 1200 313 1232 os,
335 1192 400 1222 tua
419 1190 618 1233 progenies,
640 1190 722 1223 coeli
741 1190 875 1234 quibus
893 1190 1026 1223 annuis
1044 1201 1175 1234 arcem,

223 1242 257 1275 N
263 1242 391 1275 avibus
411 1242 620 1286 (infandum
640 1243 674 1287 ἔ)
704 1243 855 1286 amissis,
878 1243 988 1276 unius
1007 1243 1052 1277 ob
1072 1243 1164 1279 iram

223 1295 431 1337 Prodimur,
454 1298 564 1339 atque
586 1295 688 1329 Italis
707 1296 812 1339 longe
831 1296 1075 1340 disjungimur
1094 1296 1173 1330 oris.

223 1348 296 1381 Hic
316 1348 462 1392 pietatis
481 1348 596 1381 honos
612 1348 623 1382 2
679 1348 736 1382 Sic
756 1360 821 1382 nos
835 1349 873 1382 in
893 1352 1034 1392 sceptra
1052 1350 1196 1393 reponis
1213 1349 1261 1384 ’.μ’

278 1401 349 1434 Olli
368 1401 559 1434 subridens
578 1401 768 1434 hominum
788 1404 885 1435 sator
904 1405 1014 1446 atque
1031 1402 1205 1447 Deorum,

224 1454 357 1496 Vultu,
381 1465 452 1498 quo
472 1454 605 1487 coelum
624 1456 932 1498 tempestatesque
952 1459 1106 1499 serenat,

225 1506 358 1551 Oscula
377 1507 507 1540 libavit
527 1509 624 1540 natae
642 1521 649 1548 ;
679 1507 810 1540 dehinc
828 1508 917 1541 talia
935 1508 1036 1542 fatur
1053 1521 1059 1542 :

225 1561 250 1577 “
265 1560 377 1593 Parce
396 1562 510 1602 metu,
534 1559 714 1603 Cytherea
732 1573 738 1594 :
767 1564 919 1595 manent
942 1561 1096 1595 immota
1114 1564 1263 1596 tuorum

222 1612 316 1646 Fata
333 1613 404 1646 tibi
421 1625 429 1654 ;
459 1624 582 1647 cernes
601 1613 729 1647 urbem
749 1616 785 1647 et
804 1615 980 1658 promissa
999 1614 1130 1650 Lavini

224 1665 375 1708 Moenia,
398 1666 664 1710 sublimemque
682 1667 775 1700 feres
794 1667 840 1700 ad
860 1667 977 1701 sidera
996 1668 1078 1701 coeli

224 1718 503 1762 Magnanimum
523 1719 669 1753 AEnean
690 1733 697 1754 z
726 1731 844 1764 neque
863 1732 921 1753 me
939 1721 1121 1754 sententia
1140 1721 1260 1755 vertit.

224 1771 419 1805 Hie—tibi
437 1771 540 1805 fabor
559 1773 668 1815 enim,
691 1773 838 1816 quando
857 1773 935 1806 haec
953 1776 991 1807 te
1011 1785 1096 1808 cura
1115 1775 1298 1810 remordet
1318 1788 1327 1818 ;

225 1823 386 1868 Longius
406 1827 443 1858 et
462 1825 612 1858 volvens
632 1826 793 1858 fatorum
812 1837 944 1859 arcana
963 1827 1170 1860 movebo—

224 1877 370 1910 Bellum
389 1877 516 1921 ingens
534 1880 634 1921 geret
654 1878 776 1921 Italia,
798 1879 1023 1923 populosque
1042 1880 1176 1914 feroces

225 1930 449 1974 Contundet,
471 1942 661 1975 moresque
680 1931 768 1964 viris
787 1935 823 1964 et
841 1932 977 1965 moenia
996 1935 1107 1975 ponet
1124 1944 1132 1973 ;

225 1983 347 2017 Tertia
366 1983 455 2016 dum
475 1983 580 2017 Latio
599 1987 811 2027 regnantem
831 1985 964 2018 viderit
984 1988 1103 2028 aestas,

225 2036 414 2080 Ternaque
433 2037 648 2070 transierint
667 2037 817 2070 Rutulis
836 2037 989 2071 hiberna
1007 2039 1175 2073 subactis.

224 2090 275 2122 At
294 2101 386 2133 puer
404 2090 594 2133 Ascanius,
618 2090 675 2123 cui
694 2098 1011 2134 nunc'cognomen
1030 2091 1115 2125 Iulo

226 2142 399 2185 Additur,
424 2143 516 2187 (Ilus
535 2146 625 2185 erat,
648 2143 737 2176 dum
755 2155 813 2177 res
832 2143 935 2177 stetit
955 2144 1024 2177 Ilia
1042 2145 1180 2189 regno),

225 2195 388 2239 Triginta
407 2207 570 2239 magnos,
591 2196 781 2230 volvendis
800 2196 997 2240 mensibus,
1021 2197 1124 2231 orbes

226 2247 384 2291 Imperio
404 2248 575 2293 explebit,
598 2260 824 2293 regnumque
843 2250 888 2283 ab
908 2250 991 2283 sede
1011 2250 1140 2284 Lavini

224 2299 430 2335 Transferet
449 2304 487 2335 et
504 2301 649 2346 longam
668 2302 786 2336 multa
804 2302 841 2336 vi
859 2303 1001 2336 muniet
1019 2303 1162 2338 Albam.

225 2351 299 2387 Hic
311 2353 391 2399 jam
411 2356 466 2388 ter
483 2357 631 2389 centum
650 2358 747 2389 totos
764 2355 976 2400 regnabitur
993 2367 1109 2390 annos

1387 396 1426 416 2³5:

1391 655 1429 674 24¹¹

1390 924 1431 944 :45

1392 1188 1432 1210 8³⁰

1393 1455 1433 1475 255

1395 1720 1435 1740 2¹60

1394 1984 1435 2005 265

1393 2249 1437 2273 270
