1559 2584
622 88 806 116 VIRGILII
834 89 988 117 AENEIS.

253 174 359 208 Dixit
377 187 384 209 :
413 177 452 208 at
470 175 533 208 illa
552 175 689 217 furens,
711 175 856 219 acrique
876 187 1024 210 accensa
1042 176 1178 220 dolore,

254 228 380 261 Tradit
400 239 535 271 equum
555 227 691 269 comiti,
713 229 932 272 paribusque
950 229 1019 262 resi
1038 229 1086 263 tit
1104 230 1142 263 in
1161 231 1283 275 armis,

252 280 350 314 Ense
369 280 439 324 ped
462 292 479 313 s
497 280 610 321 nudo,
632 283 796 324 puraque
815 281 982 315 interrita
1000 281 1133 325 parma.

252 334 304 367 At
319 333 479 377 juvenis,
501 333 628 367 vicisse
648 333 732 367 dolo
751 337 863 376 ratus,
886 335 1008 368 avolat
1026 335 1102 378 ipse
1119 349 1127 373 ;

251 385 363 419 Haud
385 397 486 419 mora
502 399 510 425 ;
540 386 795 430 conversisque
813 387 926 431 fugax
944 388 1108 421 aufertur
1125 388 1289 434 habenis,

253 438 608 482 Quadrupedemque
628 440 742 472 citum
760 440 896 474 ferrata
915 440 1009 474 calce
1028 441 1167 485 fatigat.

256 493 280 509 ‘⁶
298 491 402 525 Vane
422 491 545 535 Ligur,
568 492 777 536 frustraque
796 493 926 526 animis
946 493 1039 527 elate
1057 494 1231 538 superbis,

251 543 289 577 Ν
293 544 512 589 equicquam
531 545 667 588 patrias
685 546 839 578 tentasti
857 545 1018 579 lubricus
1036 549 1132 580 artes
1148 559 1157 588 ;

251 597 331 630 Nec
348 597 449 631 fraus
467 601 505 630 te
524 597 743 631 incolumem
761 598 881 632 fallaci
900 599 1058 642 perferet
1076 599 1224 634 Auno.”

250 650 342 683 Haec
361 650 461 684 fatur
479 650 580 694 virgo
599 664 606 691 ;
636 654 672 684 et
690 651 896 694 pernicibus
914 652 1020 695 ignea
1038 652 1174 696 plantis

250 703 396 736 Transit
416 714 553 747 equum
572 715 691 746 cursu,
714 704 911 748 frzenisque
930 705 1082 738 adversa
1100 706 1287 749 prehensis

251 755 504 799 Congreditur,
527 768 725 800 poenasque
743 757 890 791 inimico
909 769 931 791 a
950 758 1123 801 sanguine
1144 759 1275 793 sumit:

250 808 369 848 Quam
387 809 490 842 facile
510 809 680 852 accipiter
699 821 784 843 saxo
805 822 902 843 sacer
921 811 995 844 ales
1013 811 1059 844 ab
1078 811 1153 844 alto

250 862 495 905 Consequitur
513 862 641 905 pennis
661 863 852 896 sublimem
871 863 909 896 in
929 864 1027 897 nube
1047 864 1263 908 columbam,

251 915 581 958 Comprensamque
600 918 715 958 tenet,
738 916 964 960 pedibusque
981 916 1156 950 eviscerat
1175 917 1278 951 uncis
1295 931 1303 959 ;

250 967 342 1000 Tum
363 979 469 1001 cruor
487 970 524 1001 et
544 968 657 1001 vulsae
677 969 853 1002 labuntur
871 969 916 1002 ab
936 969 1070 1002 aethere
1090 970 1234 1013 plumae.

301 1020 365 1060 At,
388 1031 463 1053 non
483 1021 559 1053 haec
578 1021 690 1054 nullis
709 1022 898 1054 hominum
918 1025 1016 1055 sator
1033 1025 1144 1066 atque
1164 1023 1326 1057 Deorum

249 1073 454 1106 Observans
473 1073 599 1115 oeulis,
623 1085 764 1106 summo
784 1074 886 1107 sedet
905 1074 1001 1107 altus
1022 1068 1178 1118 Olympo
1199 1088 1205 1110 :

249 1125 480 1169 Tyrrhenum
499 1125 643 1169 genitor
662 1126 904 1160 Tarchontem
924 1127 962 1160 in
984 1128 1108 1171 preelia
1128 1139 1224 1162 saeva

250 1178 423 1219 Suscitat,
446 1180 483 1211 et
503 1179 661 1212 stimulis
680 1179 778 1212 haud
799 1180 970 1213 mollibus
988 1180 1108 1223 injicit
1127 1180 1208 1215 iras.

248 1230 344 1275 Ergo
364 1231 460 1264 inter
479 1231 595 1265 caedes
614 1231 851 1276 cedentiaque
871 1233 1016 1276 agmina
1035 1233 1173 1266 Tarcho

249 1283 385 1318 Fertur
403 1295 509 1328 equo,
532 1284 715 1328 variisque
734 1285 884 1329 instigat
905 1286 1055 1319 vocibus
1074 1287 1161 1328 alas,

248 1336 410 1370 Nomine
429 1349 611 1381 quemque
630 1349 764 1371 vocans
781 1351 789 1379 ;
817 1337 1009 1383 reficitque
1028 1339 1066 1372 in
1086 1339 1210 1382 praeh'a
1229 1340 1374 1384 pulsos:

252 1391 278 1408 “
295 1390 385 1431 Quis
404 1392 537 1433 metus,
560 1402 581 1424 o
601 1402 791 1434 nunquam
811 1391 973 1434 dolituri,
997 1403 1018 1425 o
1037 1403 1178 1436 semper
1196 1393 1332 1427 inertes

249 1443 440 1487 Tyrrheni,
464 1455 546 1487 quae
565 1446 672 1477 tanta
691 1444 820 1478 animis
839 1445 984 1488 ignavia
1003 1445 1104 1478 venit
1120 1445 1132 1479 [l

248 1495 416 1530 Foemina
434 1496 600 1539 palantes
618 1497 705 1539 agit,
728 1499 838 1541 atque
857 1497 935 1531 haec
953 1498 1098 1541 agmina
1117 1498 1258 1539 vertit-2

248 1548 329 1589 Quo
348 1549 482 1582 ferrum
500 1549 512 1582 2
540 1548 675 1593 quidve
695 1549 772 1583 haec
791 1550 950 1594 gerimus
969 1550 1042 1584 tela
1060 1551 1163 1584 irrita
1182 1551 1321 1584 dextris
1338 1552 1350 1585 2

247 1603 300 1635 At
318 1613 394 1635 non
412 1602 451 1635 in
471 1601 653 1635 Venerem
672 1614 798 1646 segnes
816 1606 1069 1647 nocturnaque
1091 1604 1195 1647 bella,

245 1655 338 1697 Aut,
361 1655 424 1688 ubi
443 1666 553 1688 curva
572 1654 699 1688 choros
718 1656 853 1689 indixit
872 1656 963 1689 tibia
982 1656 1128 1699 Bacchi,

247 1707 469 1752 Exspectare
489 1707 612 1751 dapes,
636 1711 673 1741 et
692 1708 809 1752 plenae
829 1709 959 1752 pocula
977 1720 1112 1743 mensae
1131 1722 1138 1744 :

248 1760 323 1794 Hic
341 1772 454 1804 amor,
476 1760 544 1794 hoc
563 1761 748 1802 studium3
777 1761 866 1795 dum
886 1773 986 1795 sacra
1005 1762 1186 1796 secundus
1204 1775 1360 1808 aruspex

246 1812 421 1855 Nuntiet,
442 1825 483 1847 ac
501 1813 602 1847 lucos
622 1817 728 1848 vocet
747 1814 867 1848 hostia
885 1815 1032 1858 phiguis
1051 1816 1089 1848 in
1109 1815 1204 1849 altos

247 1866 339 1900 Haec
359 1867 502 1910 effatus,
525 1878 661 1911 equum
680 1867 719 1900 in
739 1867 878 1901 medios
897 1868 1096 1901 moriturus
1115 1870 1152 1902 et
1171 1869 1247 1912 ipse

247 1919 429 1962 Concitat,
452 1922 490 1953 et
510 1919 656 1954 Venulo
677 1920 870 1954 adversum
890 1932 926 1954 se
945 1921 1116 1954 turbidus
1136 1921 1248 1955 infert
1259 1935 1268 1963 3

244 1972 521 2017 Dereptumque
540 1973 586 2006 ab
605 1984 700 2017 equo
720 1973 851 2007 dextra
871 1973 1125 2018 complectitur
1143 1974 1297 2019 hostem,

245 2025 295 2059 Et
314 2026 492 2069 gremium
512 2029 598 2060 ante
619 2038 727 2060 suum
746 2027 865 2061 multa
884 2027 921 2060 vi
941 2027 1105 2061 concitus
1124 2028 1253 2061 aufert.

246 2079 402 2112 Tollitur
420 2079 459 2112 in
481 2079 614 2113 coelum
634 2080 781 2123 clamor,
805 2080 1000 2124 cunctique
1021 2079 1144 2114 Latini

245 2131 466 2166 Convertere
487 2132 630 2167 oculos:
660 2132 761 2166 volat
780 2133 908 2177 igneus
927 2144 1072 2177 aequore
1092 2132 1243 2176 Tarcho,

244 2185 358 2218 Arma
378 2185 571 2229 virumque
593 2185 712 2220 ferens
730 2199 738 2227 3
766 2188 848 2220 tum
868 2188 1011 2219 summa
1030 2186 1143 2229 ipsius
1162 2185 1208 2220 ab
1226 2186 1333 2220 hasta

243 2237 428 2281 Defringit
447 2238 598 2281 ferrum,
621 2241 658 2272 et
676 2242 797 2283 partes
815 2239 970 2273 rimatur
987 2242 1142 2283 apertas,

245 2289 326 2331 Qua
346 2291 481 2325 vulnus
500 2291 608 2324 letale
629 2292 744 2327 ferat:
775 2295 902 2326 contra
921 2292 982 2326 ille
1000 2303 1206 2336 repugnans

246 2343 411 2378 Sustinet
431 2355 452 2377 a
466 2343 598 2388 jugulo
618 2344 799 2389 dextram,
822 2347 859 2378 et
878 2343 955 2379 vim
976 2344 1113 2379 viribus
1132 2345 1218 2379 exit.

1426 230 1468 254 71⁰

1426 493 1466 518 715

1426 1285 1468 1308 730

1426 1549 1466 1572 7³5

1425 1814 1467 1836 740

1425 2079 1464 2103 7⁴⁸

1425 2346 1465 2367 ,δυ
