1559 2584
118 104 171 144 84

569 155 571 157 ι
589 115 777 142 VIRGILII
805 115 961 143 AENEIS.

223 206 303 241 Aut
321 207 497 239 montana
514 204 617 238 sedet
636 204 772 238 circum
791 204 939 239 castella
957 204 1025 239 sub
1043 205 1164 250 armis,
1398 207 1442 229 ⁴⁴⁰

224 259 336 294 Nunc
354 259 433 302 hos,
455 269 554 292 nunc
572 257 653 291 illos
672 257 808 301 aditus,
830 269 1047 302 omnemque
1065 262 1227 303 pexerrat

225 313 316 346 Arte
334 312 467 355 locum,
492 314 529 345 et
549 310 658 345 variis
676 311 875 345 assultibus
894 311 1020 345 irritus
1038 315 1154 356 urget.

225 365 397 399 Ostendit
416 365 584 398 dextram
603 364 793 408 insurgens
811 364 990 408 Entellus,
1014 367 1052 399 et
1071 366 1144 399 alte

225 418 392 453 Extulit:
420 418 481 451 ille
500 417 615 451 ictum
634 417 842 451 venientem
862 429 883 451 a
900 418 1035 451 vertice
1055 418 1162 453 velox

224 471 415 515 Praevidit,
438 471 616 515 celerique
635 471 777 514 elapsus
797 482 943 514 corpore
963 471 1078 506 cessit.
1409 473 1447 495 ‘³³¹‘

224 524 395 559 Entellus
415 524 508 558 vires
527 525 566 557 in
586 526 738 558 ventum
758 524 899 567 effudit,
922 526 959 558 et
977 524 1076 558 ultro

224 578 310 622 Ipse
328 578 449 623 gravis
467 577 699 622 graviterque
719 577 765 611 ad
783 579 918 611 terram
936 577 1096 621 pondere
1114 581 1218 612 vasto

225 631 394 665 Concidit
413 643 419 665 :
448 633 492 665 ut
511 630 697 675 quondam
717 642 805 664 cava
824 629 995 674 concidit,
1019 634 1084 665 aut
1104 631 1343 678 Erymantho,

224 685 304 719 Aut
323 684 393 718 Ida
411 684 447 718 in
469 686 614 727 magna,
636 684 818 718 radicibus
837 687 941 718 eruta
958 684 1076 728 pinus.

225 738 460 782 Consurgunt
479 737 610 771 studiis
630 737 760 773 Teucri
778 739 814 771 et
834 737 1017 771 Trinacria
1035 738 1149 782 pubes
1164 751 1174 781 3
1402 738 1444 759 ⁴⁵⁰

225 791 263 825 It
282 792 417 826 clamor
436 791 527 825 coelo
548 803 554 825 :
584 790 795 835 primusque
814 791 969 824 accurrit
989 791 1150 834 Acestes,

224 844 523 889 AEquaevumque
543 844 588 878 ab
607 844 720 877 humo
739 843 913 878 miserans
931 844 1069 878 attollit
1087 845 1254 880 amicum.

224 899 276 933 At
295 909 369 932 non
387 897 555 931 tardatus
574 908 671 940 casu,
694 908 811 940 neque
830 896 981 931 territus
999 897 1104 931 heros

225 951 355 985 Aerior
372 952 420 985 ad
438 962 598 995 pugnam
617 950 725 993 redit,
747 961 789 984 ac
807 950 883 983 vim
902 950 1054 984 suscitat
1072 951 1127 984 ira
1145 964 1152 986 :

224 1004 318 1038 Tum
337 1004 455 1048 pudor
473 1003 636 1037 incendit
655 1003 761 1046 vnce,
784 1006 821 1037 et
841 1003 984 1037 conseia
1005 1003 1140 1046 virtus;
1405 1005 1441 1023 ¹⁵⁵

224 1058 530 1102 Praecipitemque
549 1057 672 1090 Daren
691 1056 821 1090 ardens
840 1056 915 1100 agit
933 1068 1079 1100 aequore
1097 1059 1178 1091 toto
1188 1070 1197 1100 ;

225 1111 337 1145 Nunc
356 1110 488 1145 dextra
506 1109 735 1154 ingeminans
753 1109 860 1153 ictus,
883 1121 981 1143 nunc
1000 1110 1061 1143 ille
1080 1110 1229 1145 sinistra

225 1164 261 1197 N
267 1176 306 1198 ec
324 1176 436 1207 mora,
459 1175 525 1197 nec
544 1163 686 1206 requies
705 1176 711 1197 ε
742 1174 852 1207 quam
871 1163 990 1196 multa
1008 1164 1184 1207 grandine
1203 1164 1318 1198 nimbi

225 1217 454 1251 Culminibus
474 1217 667 1260 crepitant,
690 1216 739 1249 sie
759 1216 880 1249 densis
898 1216 1031 1250 ictibus
1050 1217 1155 1250 heros

226 1271 360 1304 Creber
378 1272 535 1314 utraque
554 1281 666 1303 manu
686 1270 809 1313 pulsat
828 1272 1021 1314 versatque
1040 1270 1184 1305 Dareta.
1402 1269 1443 1289 ⁴⁶¹²

226 1324 320 1358 Tum
339 1326 444 1368 pater
463 1324 601 1357 AEneas
621 1323 814 1366 procedere
833 1323 978 1367 longius
997 1324 1080 1367 iras,

226 1377 274 1411 Et
295 1378 421 1411 saevire
441 1377 571 1410 animis
591 1376 779 1409 Entellum
799 1376 899 1410 haud
917 1388 1043 1420 passus
1062 1376 1198 1410 acerbis

226 1431 297 1464 Sed
317 1431 427 1464 finem
446 1430 619 1474 imposuit
639 1441 791 1473 pugnae3
820 1430 1029 1473 fessumque
1048 1430 1184 1464 Dareta

225 1484 384 1527 Eripuit,
406 1484 570 1517 muleens
590 1483 708 1526 dictiS,
731 1494 772 1516 ac
790 1483 878 1516 talia
896 1483 1015 1517 fatur:

229 1539 254 1556 “
269 1537 406 1570 Infelix
422 1538 429 1570 ἔ
460 1548 542 1580 quae
562 1538 667 1570 tanta
686 1536 849 1569 animum
868 1535 1052 1569 dementia
1071 1536 1166 1580 cepit
1184 1536 1196 1571 2
1402 1534 1444 1554 ‘³⁰³

226 1590 313 1624 Non
335 1590 428 1624 vires
447 1589 548 1632 alias,
571 1600 815 1632 conversaque
834 1589 988 1623 numina
1007 1589 1147 1623 sentis?

226 1644 322 1677 Cede
341 1642 457 1677 Deo.''
513 1642 704 1686 Dixitque,
727 1646 764 1675 et
784 1642 908 1686 praelia
927 1653 1013 1676 voce
1033 1642 1188 1676 diremit.

226 1697 297 1731 Ast
316 1696 421 1729 illum
441 1695 506 1729 fidi
525 1696 694 1739 (equales,
716 1706 834 1739 genua
854 1707 949 1739 aegra
968 1695 1187 1739 trahentem,

226 1750 512 1792 Jactantemque
531 1751 688 1792 utroque
708 1751 830 1792 caput,
854 1760 1084 1792 crassumque
1105 1759 1267 1783 cruorem

227 1803 298 1837 Ore
317 1803 556 1847 rejectantem
575 1802 783 1845 mixtosque
801 1801 839 1834 in
860 1801 1034 1845 sanguine
1054 1801 1195 1844 dentes,
1405 1799 1448 1822 ⁴¹7⁰

227 1857 379 1891 Ducunt
398 1855 444 1889 ad
464 1866 575 1890 naves
592 1867 601 1897 3
629 1855 842 1899 galeamque
862 1866 1058 1899 ensemque
1078 1854 1198 1888 vocati

227 1909 425 1953 Accipiunt
443 1921 451 1951 ;
479 1909 637 1953 palmam
657 1908 804 1941 Entello
824 1911 1046 1952 taurumque
1065 1908 1280 1952 relinquunt

228 1962 301 1996 Hie
320 1962 449 2005 vietor,
473 1973 646 2005 superans
665 1961 806 2004 animis,
829 1963 1008 2005 tauroque
1028 1961 1203 2005 superbus
1224 1973 1231 1995 :

231 2017 256 2035 “
270 2015 369 2049 Nate
388 2016 480 2058 Dea,
502 2026 652 2058 vosque,
674 2014 789 2058 haec,’'
809 2014 944 2058 inquit,
970 2015 995 2032 “
1008 2014 1213 2058 cognoscite
1232 2012 1372 2056 Teucri,

228 2069 277 2102 Et
297 2068 388 2102 mihi
408 2080 490 2112 quae
509 2067 647 2101 fuerint
662 2067 821 2112 juvenili
839 2067 878 2101 in
898 2079 1044 2112 corpore
1063 2067 1169 2111 vires,

226 2122 276 2156 Et
296 2124 371 2166 qua
390 2121 541 2155 servetis
559 2123 770 2155 revocatum
790 2132 811 2154 a
828 2123 946 2154 morte
965 2119 1138 2154 Dareta.''

226 2175 345 2218 Dixit,
368 2177 405 2209 et
425 2174 568 2209 adversi
587 2177 713 2208 contra
733 2174 836 2207 stetit
856 2185 918 2207 ora
932 2173 1095 2218 juvenci,

228 2228 300 2269 Qui
319 2229 459 2261 donum
478 2227 620 2261 astabat
640 2239 771 2271 pugnae
790 2240 797 2268 ;
826 2227 1007 2271 durosque
1027 2226 1180 2260 reducta

226 2281 392 2315 Libravit
411 2281 543 2314 dextra
561 2281 681 2314 media
700 2281 797 2313 inter
816 2291 950 2314 cornua
970 2282 1100 2314 orestus

227 2334 390 2377 Arduus,
413 2334 634 2377 effractoque
654 2333 756 2367 illisit
776 2333 815 2366 in
833 2344 913 2367 ossa
932 2327 1085 2367 cerebro.

232 2387 427 2431 Sternitur,
453 2386 702 2431 exanimisque
721 2389 881 2420 tremens
901 2385 1106 2431 procumbit
1125 2385 1228 2420 humi
1245 2385 1319 2419 bos.

1412 2059 1452 2078 4⁴5

1405 2326 1447 2348 ⁴8⁰
