1528 2569
641 119 776 148 LIBER
805 119 862 148 vr.
1361 118 1410 152 97

207 206 333 241 Unum
350 217 433 242 oro:
462 206 609 251 quando
627 207 685 241 hic
703 207 836 241 inferni
850 207 966 252 janua
984 207 1078 252 regis

207 259 364 302 Dicitur,
387 261 424 294 et
440 260 632 294 tenebrosa
649 260 753 304 palus
773 260 979 294 Acheronte
997 261 1132 306 refuso,

206 311 265 345 Ire
283 312 329 346 ad
349 315 579 356 conspectum
598 313 670 346 cari
687 313 861 356 genitoris
880 316 917 347 et
935 324 997 347 ora

206 364 422 408 Contingat:
450 365 579 399 doceas
597 365 678 406 iter,
701 368 738 399 et
756 377 855 399 sacra
874 366 966 399 ostia
983 366 1130 410 pandas.

204 417 316 451 Illum
335 429 401 461 ego
419 429 483 461 per
500 418 663 451 flammas
681 420 718 452 et
736 418 834 451 mille
853 418 1042 462 sequentia
1058 420 1134 453 tela

204 470 333 514 Eripui
350 470 406 503 his
424 470 596 513 humeris,
619 471 810 514 medioque
830 482 875 504 ex
893 471 996 505 hoste
1015 472 1134 515 recepi
1150 484 1158 507 τ

203 522 272 556 Ille
290 534 412 556 meum
431 525 624 556 commus
642 523 724 566 iter,
747 523 860 558 maria
878 524 1000 557 omnia
1017 535 1170 568 mecum,

203 576 327 620 Atque
346 587 471 609 omnes
489 576 678 619 pelagique
697 576 814 609 minas
833 576 986 621 coeh'que
1005 577 1145 611 ferebat

203 628 404 671 Invaliclus,
426 628 518 662 vires
538 629 635 661 ultra
653 631 860 672 sortemque
878 632 1041 663 senectae.

203 680 313 722 Quin,
334 683 377 714 ut
396 683 433 714 te
452 681 604 724 supplex
625 684 784 724 peterem
803 684 840 714 et
858 683 923 714 tua
941 681 1067 715 limina
1085 681 1236 726 adirem,

202 733 307 767 Idem
326 744 431 766 orans
450 733 623 766 mandata
641 733 761 767 dabat.
822 733 986 777 Natique
1005 734 1203 778 patrisque,

201 786 322 829 Alma,
342 797 478 830 precor,
499 786 685 820 miserere:
714 787 817 829 potes
835 797 994 829 namque
1012 787 1152 828 omnia;
1181 798 1247 821 nec
1265 790 1303 822 te

200 838 240 872 N
241 851 260 872 e
268 839 457 882 quicquam
475 838 565 871 lucis
586 838 724 871 Hecate
743 838 905 881 praefecit
923 838 1088 873 Avernis.

200 890 239 925 Si
256 891 377 935 potuit
396 902 518 924 manes
537 902 713 924 arcessere
733 891 896 934 conjugis
915 890 1093 935 Orpheus,

197 943 362 977 Threicia
379 944 495 977 fretus
515 943 619 976 citha*
631 945 653 976 ἑ,
671 943 877 986 fidibusque
896 943 1056 984 canoris;

201 996 239 1030 Si
256 997 405 1030 fratrem
424 996 558 1029 Pollux
577 996 717 1029 alterni}⁴
735 999 851 1029 morte
870 996 1037 1040 redemit,

201 1049 309 1092 Itque
328 1049 495 1092 reditque
514 1048 610 1082 viam
628 1049 757 1082 toties:
786 1049 875 1092 quid
895 1048 1041 1092 Thesea,
1064 1060 1236 1093 magnum

200 1101 296 1142 Quid
316 1112 510 1135 memorem
529 1097 683 1134 Alciden
699 1101 710 1134 2
738 1103 774 1134 et
793 1104 844 1134 mi
862 1113 975 1145 genus
994 1102 1039 1135 ab
1058 1102 1153 1136 Jove
1172 1104 1352 1137 sununo.⁷'

235 1158 236 1161 ’
252 1155 398 1188 Talibus
416 1154 542 1187 orabat
562 1154 678 1196 dictis,
701 1165 852 1197 arasque
870 1154 1029 1188 tenebat.

198 1207 299 1241 Tunc
318 1208 367 1240 sic
385 1218 465 1240 orsa
482 1206 583 1250 loqui
603 1209 723 1240 vates:
758 1208 781 1224 “
798 1206 881 1240 Sate
901 1207 1074 1250 sanguine
1093 1207 1241 1253 Divum,

198 1261 286 1294 Tros
305 1259 535 1302 Anchisiade,
557 1259 672 1292 facilis
691 1259 883 1292 descensus
901 1259 1049 1293 Averno
1060 1273 1068 1301 ;

198 1313 336 1347 Noctes
355 1316 465 1356 atque
485 1312 561 1344 dies
580 1314 681 1355 patet
699 1311 769 1345 atri
782 1311 898 1355 janua
915 1312 1031 1355 Ditis:

145 1376 147 1379 ’
198 1366 269 1399 Sed.
287 1376 454 1399 revocare
472 1364 636 1408 gradum,
659 1375 876 1408 superasque
896 1365 1047 1398 evadere
1066 1365 1113 1398 ad
1132 1377 1249 1408 auras,

197 1419 279 1452 Hoc
298 1429 400 1462 opuS,
421 1417 480 1450 hic
498 1417 601 1450 labor
619 1420 682 1450 est.
743 1417 867 1459 Pauci,
889 1428 980 1460 quos
999 1429 1125 1461 {equus
1144 1418 1280 1452 amavit

197 1472 357 1515 Jupiter,
379 1473 444 1504 aut
463 1469 593 1503 ardens
612 1469 733 1503 evexit
752 1469 799 1502 ad
818 1469 955 1502 athera
972 1469 1102 1513 Virtus,

197 1524 262 1558 Dis
281 1523 406 1568 geniti,
427 1523 586 1566 potuere.
647 1522 787 1555 Tenent
806 1522 925 1555 media
944 1522 1065 1556 omnia
1084 1523 1208 1567 sylvae,

196 1576 425 1620 Cocytusque
444 1576 526 1608 sinu
544 1575 669 1608 labens
689 1575 925 1608 circumvenit
943 1577 1031 1608 atro.

196 1629 302 1670 Quod
322 1630 352 1662 si
369 1631 495 1662 tantus
514 1639 615 1661 amor
633 1628 760 1670 menti,
783 1627 812 1660 si
830 1629 935 1661 tanta
953 1627 1084 1671 cupido
1104 1631 1171 1673 est,

196 1682 260 1715 Bis
279 1682 423 1725 Stygios
441 1681 567 1714 innare
587 1681 697 1723 lacus,
719 1681 774 1714 bis
794 1679 896 1724 nigra
914 1680 1037 1714 videre

195 1734 345 1768 Tartara
356 1747 366 1774 3
394 1737 431 1767 et
449 1734 576 1766 insano
592 1733 700 1777 juvat
719 1733 906 1775 indulgere
925 1732 1039 1766 labori
1059 1746 1067 1775 ;

193 1787 327 1831 Accipe
347 1798 428 1831 quae
447 1785 651 1830 peragenda
669 1785 778 1829 prius.
839 1785 947 1818 Latet
966 1786 1091 1819 arbore
1111 1787 1223 1829 opaca

195 1840 339 1874 Aureus
359 1842 396 1873 et
414 1839 511 1872 foliis
530 1841 567 1871 et
585 1838 686 1871 lento
704 1837 840 1871 vimine
858 1849 992 1880 ramus,

190 1892 335 1926 «Iunoni
353 1892 505 1925 infernae
525 1891 644 1924 dictus
663 1901 762 1924 sacer
779 1902 786 1924 ε
814 1890 912 1923 hunc
931 1889 1023 1933 tegit
1042 1890 1159 1923 omnis

193 1945 326 1988 Lucus,
349 1946 386 1978 et
405 1944 567 1977 obscuris
587 1943 763 1976 claudunt
782 1942 1006 1976 convallibus
1029 1943 1184 1977 umbrae:

193 1998 264 2032 Sed
283 2009 356 2031 non
376 1999 462 2031 ante
481 1997 590 2029 datur
607 1995 748 2029 telluris
768 1997 893 2038 operta
912 1995 1043 2038 subire,

192 2051 405 2084 Auricomos
424 2061 533 2093 quam
553 2049 634 2092 quis
652 2048 869 2091 decerpserit
887 2048 1013 2081 arbore
1031 2047 1154 2082 foetus.

191 2103 274 2136 Hoc
293 2103 361 2136 sibi
378 2102 530 2147 pulchra
549 2112 656 2135 suum
674 2100 761 2134 ferri
781 2100 997 2143 Proserpina
1015 2111 1150 2134 munus

192 2155 371 2189 Instituit.
431 2154 556 2187 Primo
574 2153 699 2187 avulso
718 2165 792 2186 non
811 2153 933 2186 deficit
951 2153 1044 2186 alter

190 2208 334 2242 Aurem
352 2221 360 2249 ;
388 2209 425 2241 et
445 2207 554 2240 simili
570 2206 768 2239 frondescit
788 2205 888 2249 virga
906 2205 1063 2239 metallo.

190 2260 286 2304 Ergo
304 2261 377 2293 alte
397 2260 535 2303 vestiga
553 2259 677 2301 oculis,
700 2261 736 2291 et
754 2258 824 2291 rite
842 2260 1028 2301 repertum

191 2313 305 2356 Carpe
324 2324 434 2346 manu
455 2325 462 2346 :
490 2323 648 2355 namque
666 2311 742 2354 ipse
762 2311 887 2344 volens
904 2310 1090 2355 facilisque
1105 2312 1278 2357 sequetur

194 2365 233 2399 Si
251 2368 288 2398 te
306 2366 383 2400 iata
400 2367 531 2399 vocant
549 2377 557 2406 3
585 2364 704 2407 aliter,
726 2375 801 2397 non
820 2362 957 2396 viribus
976 2363 1062 2397 ullis

1373 418 1413 440 110

1372 682 1409 702 115

1369 944 1408 964 120

1365 1206 1405 1226 125

1364 1468 1402 1489 130

1361 1730 1399 1750 135

1359 1992 1398 2012 140

1357 2252 1395 2274 115

1206 2420 1225 2441 Β·
