1559 2584
101 91 151 128 18

574 101 757 129 VIRGILII
786 102 824 128 AE
831 101 928 129 NEIS
934 120 941 129 .

205 187 331 221 Idaliae
349 187 462 229 lucos,
484 187 549 221 ubi
567 186 686 220 mollis
706 198 893 220 amaracus
911 188 1017 221 illum

203 241 371 274 Floribus
391 244 428 273 et
448 240 547 273 dulci
564 239 728 283 aspirans
747 240 1001 283 complectitur
1018 241 1158 276 umbra.

203 293 363 338 Jamque
381 294 471 336 ibat,
494 292 593 326 dicto
611 304 754 336 parens,
776 295 813 326 et
833 293 929 327 dona
950 294 1089 337 Cupido

211 347 327 391 Regia
344 346 514 390 portabat
534 346 663 389 Tyriis,
681 346 772 379 duce
791 346 898 379 laetus
917 346 1066 380 Achate.

205 402 329 447 Quum
349 399 461 442 venit,
483 399 610 432 aulaeis
624 399 702 443 jam
722 411 758 433 se
777 399 920 443 Regina
939 400 1103 445 superbis

205 455 329 488 Aurea
349 452 550 496 composuit
570 452 720 496 sponda,
744 452 976 496 mediamque
994 453 1136 487 locavit.

258 506 283 539 J
287 517 345 539 am
364 508 467 550 pater
487 505 637 549 AEneas,
660 509 697 538 et
712 506 790 550 jam
811 505 968 549 Trojana
982 506 1163 550 juventus

205 559 452 602 Conveniunt,
474 561 664 603 stratoque
683 570 791 602 super
809 559 1053 592 discumbitur
1072 562 1178 593 ostro.

204 615 306 648 Dant
324 612 452 646 famuli
471 612 640 645 manibus
658 612 839 655 lymphas,
863 612 1100 656 Cereremque
1121 613 1287 647 canistris

205 666 430 711 Expediunt,
452 665 641 709 tonsisque
659 665 784 698 ferunt
804 665 978 699 mantelia
997 665 1102 699 villis.

205 719 480 763 Quinquaginta
497 719 599 751 intus
617 718 777 761 famulae,
801 718 934 762 quibus
952 719 1079 752 ordine
1098 719 1207 763 longo

204 774 300 807 Cura
317 784 453 817 penum
473 774 612 805 struere
631 774 668 805 et
686 772 841 805 flammis
860 771 1002 805 adolere
1022 772 1180 806 Penates
1199 785 1206 807 ε

204 827 360 860 Centum
380 825 472 868 aliae,
494 819 723 869 totidemque
742 836 845 868 pares
864 827 972 858 aetate
991 826 1161 869 ministri,

206 880 277 921 Qui
297 879 451 923 dapibus
470 890 613 911 mensas
633 881 786 911 onerant
806 881 842 911 et
861 878 991 922 pocula
1010 882 1154 922 ponunt
1172 891 1179 913 ;

205 933 360 967 Necnon
381 935 417 966 et
437 931 537 975 Tyrii
555 943 619 975 per
638 931 764 964 limina
782 931 868 964 laeta
886 931 1096 974 frequentes

205 986 428 1028 Convenere,
450 984 538 1018 toris
553 984 648 1028 jussi
667 984 894 1017 discumbere
914 984 1030 1027 pictis,

204 1040 391 1073 Mirantur
409 1038 506 1071 dona
525 1037 666 1080 AEneae,
691 1037 871 1070 mirantur
889 1037 1027 1080 Iulum,

204 1089 492 1137 Flagrantesque
512 1091 581 1124 Dei
601 1091 727 1123 vultus
747 1090 990 1134 simulataque
1009 1091 1132 1134 verba,

205 1143 421 1190 Pallamque
440 1147 482 1178 ut
501 1144 641 1187 pictum
661 1155 784 1177 croceo
804 1143 971 1177 velamen
991 1145 1156 1178 acantho.

205 1199 393 1243 Praecipue
413 1198 554 1240 infelix,
577 1197 671 1241 pesti
690 1197 822 1230 devota
841 1197 990 1240 futurae,

204 1252 355 1297 Expleri
374 1254 531 1285 mentem
554 1251 684 1294 nequit
703 1250 930 1294 ardescitque
949 1251 1087 1284 tuendo

205 1306 409 1348 Phoenissa,
433 1307 469 1338 et
488 1304 624 1348 pariter
642 1315 754 1348 puero
774 1304 952 1348 donisque
971 1306 1148 1338 movetur.

204 1359 285 1402 Ille,
308 1359 371 1392 ubi
391 1358 583 1402 complexu
603 1357 732 1390 AEneae
751 1357 917 1401 colloque
936 1357 1122 1401 pependit,

204 1413 253 1446 Et
273 1423 445 1456 magnum
465 1411 547 1444 falsi
565 1411 731 1454 implevit
750 1410 923 1454 genitoris
942 1422 1112 1453 amorem,

204 1466 384 1509 Reginam
403 1465 496 1509 petit
515 1477 521 1499 :
550 1464 628 1498 haec
647 1464 773 1507 oculis,
795 1464 873 1497 haec
891 1466 1035 1508 pectore
1054 1466 1134 1497 toto

204 1519 345 1562 Haeret,
368 1521 405 1552 et
423 1518 611 1551 interdum
629 1517 765 1561 gremio
784 1517 884 1551 fovet
905 1531 913 1559 ;
942 1517 1069 1561 (inscia
1088 1517 1196 1560 Dido,

210 1573 375 1606 Insideat
394 1574 555 1616 quantus
573 1571 714 1604 miserae
733 1570 833 1604 Deus
851 1570 874 1614 1)
903 1573 941 1603 at
961 1582 1099 1604 memor
1115 1570 1177 1603 ille

205 1626 337 1660 Matris
356 1625 543 1668 Acidaliae,
566 1624 742 1668 paulatim
762 1624 904 1657 abolere
924 1623 1117 1668 Sychaeum

204 1679 351 1723 Incipit,
374 1680 410 1712 et
428 1678 513 1712 vivo
532 1680 654 1711 tentat
673 1681 889 1721 praevertere
908 1688 1028 1710 amore

204 1732 432 1776 Jampridem
453 1731 588 1765 resides
607 1731 746 1764 animos
766 1731 987 1774 desuetaque
1007 1730 1122 1764 corda.

258 1786 459 1829 Postquam
477 1785 594 1828 prima
613 1784 715 1828 quies
734 1784 850 1828 epulis
868 1795 1075 1827 mensaeque
1094 1786 1254 1827 remotae,

205 1839 371 1872 Crateras
389 1850 538 1882 magnos
557 1839 728 1871 statuunt
747 1840 785 1871 et
804 1837 890 1870 vina
909 1839 1084 1870 coronant
1102 1850 1108 1871 :

204 1892 267 1925 Fit
286 1892 460 1936 strepitus
480 1891 596 1934 tectis,
618 1902 817 1934 vocemque
836 1902 900 1934 per
918 1890 1038 1934 ampla
1056 1890 1227 1924 volutant

204 1945 311 1978 Atria
330 1958 337 1987 3
367 1944 575 1988 dependent
594 1943 720 1988 lychni
737 1944 970 1987 laquearibus
989 1943 1107 1977 aureis

205 1998 350 2031 Incensi
370 2012 378 2040 ;
407 2000 444 2032 et
463 2000 609 2031 noctem
628 1997 782 2030 flammis
801 1997 939 2030 funalia
957 1997 1119 2030 vincunt.

205 2051 278 2085 Hic
297 2051 439 2095 Regina
456 2062 604 2095 gravem
623 2051 774 2094 gemmis
797 2061 958 2094 auroque
977 2050 1140 2094 poposcit

207 2104 452 2148 Implevitque
471 2115 571 2137 mero
590 2107 763 2147 pateram,
787 2115 897 2147 quam
916 2103 1028 2137 Belus
1047 2106 1084 2136 et
1103 2114 1226 2136 omnes

204 2158 239 2191 A
258 2157 348 2191 Belo
368 2158 466 2191 soliti
485 2171 490 2191 :
520 2160 602 2191 tum
620 2157 718 2190 faeta
736 2156 882 2190 silentia
900 2156 1007 2190 tectis
1025 2169 1031 2190 :

208 2212 232 2228 “
246 2210 407 2254 Jupiter,
431 2209 650 2255 (hospitibus
669 2221 754 2243 nam
773 2212 810 2243 te
830 2210 915 2243 dare
930 2209 1016 2253 jura
1034 2209 1264 2254 loquuntur),

206 2263 319 2297 Hunc
337 2263 464 2298 laetum
485 2263 674 2307 Tyriisque
693 2263 791 2297 diem
810 2261 988 2307 Trojstque
1007 2262 1178 2306 profectis

205 2316 294 2350 Esse
313 2317 414 2360 velis,
437 2319 654 2360 nostrosque
673 2316 785 2360 hujus
804 2315 1009 2349 meminisse
1029 2314 1194 2349 minores.

207 2369 317 2404 Adsit
335 2369 476 2403 laetitiae
497 2369 661 2403 Bacchus
681 2369 798 2412 dator,
820 2371 857 2402 et
875 2368 971 2402 bona
988 2367 1090 2402 Juno
1108 2380 1115 2403 :

1378 294 1423 315 6⁹⁵

1380 560 1423 582 ῗυυ

1382 824 1422 847 7⁴¹⁵

1384 1089 1425 1112 720

1383 1355 1424 1378 715

1379 1621 1420 1644 7.'o

1378 2153 1420 2175 73⁰
