1559 2584
592 125 664 152 VIR
670 125 778 152 GILII
809 124 964 152 AENEIS.

224 211 475 256 Ductoresque
494 211 590 256 ipsos
608 212 777 257 primum,
802 212 919 255 capita
939 212 1014 245 alta
1032 211 1190 246 ferentes

226 264 404 298 Cornibus
423 265 593 308 arboreis,
616 265 768 306 sternit3
797 268 878 298 tum
898 265 1040 308 vulgus,
1066 267 1102 298 et
1121 277 1265 298 omnem
1405 262 1443 282 ¹⁹⁰

226 317 359 350 Miscet
378 329 488 361 agens
505 317 590 351 telis
608 329 756 351 nemora
774 318 871 351 iuter
889 318 1042 351 frondea
1059 318 1225 352 turbam:

225 370 264 403 N
266 382 305 404 ec
323 370 424 414 prius
442 370 595 413 absistit,
620 382 730 415 quam
749 374 887 415 septem
905 371 1069 414 ingentia
1085 371 1204 404 victor

227 424 385 467 Corpora
404 424 538 457 fundat
558 424 672 467 humi,
697 427 734 457 et
754 435 948 457 numerum
967 435 1050 457 cum
1069 424 1225 458 navibus
1245 426 1376 468 aequet.

226 476 325 510 Hinc
342 479 489 520 portum
507 477 611 520 petit,
637 480 674 510 et
693 477 806 511 socios
824 476 983 520 partitur
999 477 1038 510 in
1058 487 1191 510 omnes.

226 529 334 572 Vina,
357 529 476 563 bonus
496 541 577 573 quae
597 530 729 563 deinde
749 530 847 563 cadis
865 532 1033 563 onerarat
1052 530 1200 563 Acestes
1404 525 1442 545 ¹⁹⁶

227 582 368 616 Littore
389 583 573 617 Trinacrio
593 582 817 627 dederatque
836 583 1058 616 abeuntibus
1075 582 1192 626 heros,

226 635 381 680 Dividit,
406 639 444 670 et
462 636 569 669 dictis
588 636 782 670 moerentia
800 638 946 680 pectora
964 635 1121 670 mulcet:

231 690 254 707 “
272 689 302 723 O
322 689 421 732 socii,
444 688 576 733 (neque
597 690 693 723 enim
712 689 830 733 ignari
848 700 973 723 sumus
992 691 1077 722 ante
1096 689 1304 733 malorum),

227 742 259 776 Ο
278 743 373 786 passi
392 742 568 786 graviora,
604 742 708 776 dabit
727 743 827 776 Deus
845 742 903 776 his
921 753 1067 786 quoque
1086 742 1205 775 finem.

227 795 305 829 Vos
324 799 361 829 et
381 796 571 839 Scyllaeam
590 796 726 829 rabiem
746 795 967 840 penitusque
987 798 1157 829 sonantes
1403 792 1444 811 ’Μ’

227 849 388 882 Accestis
407 849 573 893 scopulos
584 862 592 891 3
622 860 685 882 vos
705 851 741 882 et
757 849 929 892 Cyclopia
947 860 1035 882 saxa

227 901 381 946 Experti
392 915 399 944 3
428 904 594 935 revocate
613 902 763 945 animos,
783 904 1030 945 moestumque
1049 901 1216 934 timorem

228 955 391 989 Mittite:
419 955 541 988 forsan
561 957 598 988 et
616 955 695 988 haec
714 955 801 988 olim
819 954 1025 987 meminisse
1040 954 1197 998 juvabit.

230 1009 300 1042 Per
319 1008 436 1042 varios
455 1019 567 1050 casus,
592 1019 656 1051 per
674 1010 732 1041 tot
751 1007 959 1041 discrimina
977 1018 1108 1049 rerum,

228 1061 425 1094 Tendimus
443 1061 483 1094 in
503 1060 650 1094 Latium
668 1074 676 1102 3
705 1060 807 1094 sedes
826 1060 889 1093 ubi
908 1061 985 1094 fata
1003 1059 1145 1104 quietas
1405 1056 1446 1076 Μ’

229 1114 460 1148 Ostendunt:
489 1114 564 1147 illic
583 1115 637 1147 fas
656 1125 766 1157 regna
784 1125 967 1157 resurgere
986 1113 1113 1157 Trojee.

227 1168 381 1211 Durate,
404 1170 441 1201 et
461 1170 601 1201 vosmet
621 1167 729 1200 rebus
749 1169 891 1200 servate
911 1166 1087 1200 secundis.
1096 1165 1114 1182 ’'

230 1221 331 1255 Talia
350 1233 436 1254 voce
456 1221 588 1262 refert3
617 1220 784 1264 curisque
803 1220 1013 1264 ingentibus
1032 1231 1126 1264 aeger

231 1274 338 1318 Spem
359 1274 467 1307 vultu
487 1274 645 1317 simulat,
671 1273 804 1318 premit
824 1273 942 1306 altum
962 1273 1067 1306 corde
1088 1273 1259 1306 dolorem.

231 1327 292 1361 Illi
312 1339 349 1360 se
368 1327 501 1372 praedae
520 1327 715 1371 accingunt
734 1326 960 1371 dapibusque
979 1326 1135 1360 futuris:
1405 1322 1446 1342 ²¹⁰

230 1381 385 1424 Tergora
404 1380 589 1424 deripiunt
609 1380 726 1423 costis,
751 1382 788 1414 et
807 1379 944 1413 viscera
961 1379 1125 1421 nudant3

230 1433 321 1468 Pars
339 1434 378 1466 in
397 1434 516 1467 frusta
535 1436 658 1467 secant
677 1434 909 1477 verubusque
929 1433 1124 1466 trementia
1144 1432 1285 1476 figunt3

231 1487 373 1521 Littore
393 1491 484 1520 aena
502 1487 624 1520 locant
642 1486 704 1520 alii
724 1487 960 1530 flammasque
979 1486 1199 1520 ministrant.

230 1540 324 1574 Tum
343 1540 445 1573 victu
464 1542 636 1573 revocant
655 1540 748 1573 vires
766 1553 773 1581 3
802 1540 947 1583 fusique
966 1551 1029 1583 per
1048 1539 1210 1582 herbam,

232 1594 440 1637 Implentur
459 1593 592 1627 veteris
612 1593 745 1626 Bacchi
764 1592 983 1636 pinguisque
1002 1593 1137 1626 ferinae.

233 1647 433 1690 Postquam
452 1649 621 1690 exempta
638 1646 752 1680 fames
770 1646 896 1690 epuliS,
920 1657 1128 1689 mensaeque
1148 1647 1307 1687 remotae,

231 1700 394 1733 Amissos
412 1700 520 1743 longo
539 1699 653 1733 socios
672 1711 835 1733 sermone
854 1699 1056 1743 requirunt,

233 1753 415 1797 Spemque
434 1755 647 1797 metumque
666 1753 762 1786 inter
780 1752 903 1786 dubii:
933 1764 996 1785 seu
1015 1752 1136 1785 vivere
1157 1751 1317 1793 cre-dant,

235 1806 317 1840 Sive
338 1808 500 1840 extrema,
519 1806 597 1850 pati
616 1818 681 1839 nee
697 1805 775 1850 jam
795 1805 968 1838 exaudire
988 1807 1144 1839 vocatos.

234 1859 422 1903 Praecipue
440 1859 523 1903 pius
543 1859 693 1902 AEneas,
716 1870 815 1892 nunc
834 1858 923 1892 acris
944 1858 1108 1901 Orontei,
1407 1854 1446 1874 ᾗ(

234 1912 346 1946 Nune
366 1912 499 1956 Amyci
518 1924 640 1946 casum
661 1912 785 1956 gemit,
809 1914 846 1945 et
867 1911 1028 1945 crudelia
1047 1922 1169 1945 secum

234 1966 328 1999 Fata
346 1965 448 2009 Lyci,
471 1966 676 2009 fortemque
698 1965 817 2009 Gyan,
840 1965 1046 2009 sortemque
1066 1963 1297 1998 Cloanthum.

288 2019 337 2052 Et
352 2018 430 2062 jam
450 2019 532 2051 finis
553 2021 630 2052 erat
649 2032 655 2059 3
685 2030 800 2062 quum
820 2017 969 2062 Jupiter
988 2018 1121 2051 aethere
1141 2028 1283 2050 summo

235 2072 445 2116 Despiciens
464 2083 562 2105 mare
582 2072 792 2114 velivolum,
813 2073 1001 2115 terrasque
1017 2071 1192 2115 jacentem,

235 2126 463 2169 Litteraque,
487 2127 523 2158 et
542 2125 636 2158 latos
655 2125 819 2168 populos,
843 2125 893 2158 sic
912 2125 1047 2158 vertice
1067 2123 1149 2157 coeli
1408 2120 1450 2140 ²²³

235 2178 424 2220 Constitit,
447 2180 484 2211 et
504 2177 632 2222 Liby-„e
652 2177 781 2211 defixit
801 2178 941 2211 lumina
959 2177 1077 2221 regnis
1096 2189 1101 2210 :

237 2232 361 2276 Atque
380 2231 497 2274 illum,
519 2231 612 2265 tales
626 2231 830 2275 jactantem
848 2233 992 2274 pectore
1012 2241 1127 2272 cui‘aS,

237 2285 402 2327 Tristior,
424 2287 461 2318 et
481 2284 650 2328 lacrymis
669 2284 792 2318 oculos
812 2285 949 2318 suffusa
968 2283 1140 2326 nitentes,

236 2337 452 2382 Alloquitur
470 2336 598 2371 Venus
617 2350 623 2371 :
656 2338 682 2355 “
696 2337 740 2380 O,
762 2337 825 2381 qui
844 2348 901 2370 res
920 2336 1182 2380 hominumque
1203 2335 1396 2380 Deumque

237 2389 404 2425 AEternis
423 2390 516 2434 regis
534 2389 708 2434 imperiis,
730 2392 766 2423 et
786 2390 939 2423 fulmine
958 2392 1084 2433 terres,
1411 2387 1450 2406 ²³⁴⁰
