1559 2584
154 74 237 114 2538

632 82 819 112 VIRGILII
853 82 1007 113 AENEIsa

259 172 450 207 Obscoenae
467 171 632 206 volucres
650 184 659 214 3
686 172 827 206 alarum
845 173 994 206 verbera
1011 182 1133 216 nosco,

259 225 496 269 Letalemque
514 236 645 258 sonum
664 238 672 266 ;
700 236 767 258 nec
785 224 920 258 fallunt
934 225 1038 269 jussa
1056 225 1211 269 superba

260 277 491 322 Magnanimi
508 277 535 311 J
538 277 624 311 ovis.
685 277 777 311 Haec
795 289 861 321 pro
881 277 1089 321 virginitate
1108 278 1252 322 reponit
1269 276 1283 312 2

262 331 344 372 Quo
363 324 477 365 vitam
496 330 599 364 dedit
617 332 793 364 aeternam
810 331 822 364 2
850 341 913 364 cur
931 331 1059 364 mortis
1077 331 1249 375 adempta
1267 333 1323 365 est

261 384 432 418 Conditio
449 383 461 417 2
487 394 628 427 possem
646 385 770 417 tantos
789 383 892 416 finire
911 383 1054 417 dolores
1431 382 1476 403 ⁸⁹⁰

261 436 300 471 N
302 449 373 471 unc
392 439 501 480 certe,
524 439 560 469 et
580 436 710 469 misero
729 436 834 469 fratri
853 447 970 470 comes
989 437 1041 470 ire
1059 447 1124 480 per
1141 437 1289 471 umbras
1306 439 1312 471 !

260 489 484 524 Immortalis
502 500 568 533 ego
586 489 598 523 ‘t
652 490 730 522 Aut
749 489 942 533 quicquam
959 489 1049 522 mihi
1067 489 1173 522 dulce
1191 501 1354 524 meorum

261 543 311 576 Te
330 543 419 585 sine,
437 543 561 584 frater,
580 542 649 575 erit
667 542 679 576 2
734 541 764 575 O
784 553 867 585 quae
887 542 974 575 satis
994 543 1067 575 ima
1086 542 1250 576 dehiscat

260 595 369 629 Terra
387 595 487 638 mihi,
507 594 711 639 Manesque
731 595 837 628 deam
856 595 1029 628 demittat
1049 595 1096 628 ad
1117 594 1209 629 imos
1226 597 1232 629 ἔ
1249 594 1272 612 ”

260 649 420 682 Tantum
440 648 560 691 effata,
579 651 688 691 caput
706 648 833 691 glauco
854 647 1016 681 contexit
1035 648 1183 691 amictu,
1435 646 1476 666 ⁸⁵⁵

260 700 385 736 Multa
402 713 562 745 gemens,
584 703 621 734 et
641 712 677 734 se
696 701 809 734 fluvio
828 701 896 734 dea
910 701 1074 734 condidit
1093 701 1176 734 alto.

315 755 452 788 AEneas
472 755 586 787 instat
605 757 744 797 contra,
766 754 956 798 telumque
975 756 1139 787 coruscat

260 807 396 851 Ingens
415 807 618 850 arboreum,
640 810 677 840 et
697 818 792 840 saevo
813 807 863 840 sic
881 810 1027 850 pectore
1046 807 1148 840 fatur
1168 819 1175 841 :

261 860 352 902 Quae
367 871 466 894 nunc
480 860 611 893 deinde
623 871 724 893 mora
739 860 815 893 est?
833 862 898 893 aut
913 860 1003 903 qnid
1014 859 1103 903 jam,
1123 860 1256 904 Turne,
1274 862 1448 894 retractas
1465 861 1478 895 2

260 913 299 947 N
301 925 348 947 on
367 924 486 956 cursu,
509 913 613 946 saevis
633 913 846 946 certandum
867 915 922 946 est
941 913 1104 946 cominus
1123 913 1233 946 armis
1251 926 1258 948 :
1435 914 1476 932 ³¹³⁰

259 965 375 1000 Verte
395 977 520 1000 omnes
538 969 614 999 tete
633 966 670 999 in
690 966 808 1008 facies,
829 968 866 999 et
886 966 1059 999 contrahe
1079 966 1255 1010 quiequid

261 1019 345 1053 Sive
364 1019 506 1062 animis,
525 1019 601 1052 sive
620 1021 710 1061 arte,
728 1019 826 1052 vales
845 1032 852 1059 ;
881 1022 968 1062 opta
986 1019 1101 1052 ardua
1119 1019 1248 1062 pennis

258 1073 370 1106 Astra
389 1072 504 1116 sequi,
527 1071 762 1115 clausumque
782 1075 869 1104 cava
887 1074 925 1104 te
944 1071 1098 1105 condere
1117 1074 1223 1105 terra.

247 1119 342 1168 mie,
365 1127 473 1169 caput
494 1135 668 1168 quassans
689 1137 696 1158 :
720 1125 745 1142 “
762 1123 849 1157 Non
868 1135 927 1157 me
945 1127 1011 1157 tua
1029 1124 1170 1158 fervida
1188 1126 1328 1159 terrent

259 1178 381 1221 Dicta,
398 1178 502 1211 ferox
522 1190 528 1211 :
558 1177 606 1210 Di
626 1188 683 1210 me
702 1179 853 1221 terrent,
875 1179 912 1210 et
931 1177 957 1210 J
960 1178 1081 1221 upiter
1098 1177 1222 1211 hostis.
1232 1178 1252 1194 ’'
1433 1177 1474 1198 395

259 1231 299 1265 N
301 1243 339 1265 ec
358 1231 462 1275 plura
481 1231 624 1273 effatus,
647 1241 777 1263 saxum
797 1230 1042 1274 circumspicit
1061 1230 1201 1273 ingens,

260 1284 413 1329 (Saxum
432 1284 640 1327 antiquum,
658 1283 798 1327 ingens,
817 1295 943 1327 campo
963 1283 1063 1327 quod
1081 1283 1176 1317 forte
1191 1283 1337 1327 jacebat

258 1337 380 1371 Limes
398 1348 483 1380 agro
502 1337 654 1380 positus,
672 1335 775 1369 litem
794 1339 837 1369 ut
857 1337 1077 1370 discerneret
1096 1337 1206 1381 arvis)
1227 1350 1235 1379 3

259 1389 336 1424 Vix
353 1390 446 1424 illud
466 1390 551 1423 lecti
570 1390 624 1423 bis
644 1400 707 1422 sex
726 1390 863 1423 cervice
883 1389 1060 1432 subirent,

259 1443 391 1485 Qualia
408 1454 507 1476 nunc
525 1442 715 1475 hominum
735 1442 903 1486 producit
922 1454 1070 1486 corpora
1088 1442 1224 1478 tellus:
1435 1441 1476 1462 ⁹⁰⁰

259 1496 328 1530 Ille
342 1507 454 1530 manu
469 1498 615 1539 raptum
634 1495 777 1538 trepida
794 1496 990 1539 torquebat
1008 1495 1047 1528 in
1067 1495 1209 1529 hostem

259 1549 381 1583 Altior
398 1549 601 1592 insurgens,
619 1551 655 1581 et
676 1559 783 1581 cursu
802 1549 965 1581 concitus
982 1548 1097 1583 heros.

260 1602 332 1636 Sed
351 1613 470 1645 neque
489 1603 693 1635 currentem
713 1612 762 1643 se,
785 1613 851 1634 nec
870 1601 1053 1644 cognoscit
1071 1604 1232 1645 euntem,

260 1655 511 1688 Tollentemve
530 1665 641 1687 manu
661 1665 864 1698 saxumque
882 1653 1041 1687 immane
1060 1658 1268 1688 moventem
1287 1667 1296 1696 ;

260 1708 391 1742 Genua
408 1707 546 1750 labant,
563 1706 705 1750 gelidus
723 1707 906 1740 concrevit
924 1707 1055 1751 frigore
1074 1709 1220 1752 sanguis
1238 1720 1245 1742 :
1435 1706 1478 1728 ⁹⁰⁵

260 1761 354 1795 Tum
372 1760 465 1804 lapis
483 1760 559 1804 ipse
579 1759 659 1802 viri,
678 1771 834 1793 vacuum
853 1771 917 1803 per
935 1760 1043 1794 inane
1061 1761 1222 1804 volutus,

261 1814 341 1848 Nec
359 1814 519 1857 spatium
538 1812 654 1846 evasit
672 1815 806 1855 totum,
825 1824 890 1846 nec
909 1814 1062 1856 pertulit
1080 1813 1204 1848 ictum.

262 1868 316 1901 Ac
335 1867 439 1900 velut
458 1866 496 1899 in
516 1866 663 1908 somnis,
683 1866 805 1899 oculos
823 1865 888 1899 ubi
906 1866 1081 1910 languida
1098 1866 1229 1910 pressit

261 1920 381 1954 Nocte
400 1920 515 1963 quies,
537 1919 781 1962 nequicquam
800 1919 927 1952 avidos
946 1919 1145 1953 extendere
1164 1931 1290 1954 cursus

261 1973 367 2006 Velle
386 1973 566 2015 videmur,
589 1975 625 2005 et
644 1971 682 2005 in
702 1971 830 2005 mediis
850 1972 1039 2006 conatibus
1057 1972 1144 2016 aegri
1436 1970 1478 1992 ⁹¹⁰

262 2026 489 2060 Suecidimus
509 2039 516 2066 3
545 2036 619 2058 non
639 2024 764 2068 lingua
785 2025 895 2067 valet,
913 2037 987 2058 non
1007 2037 1155 2069 corpore
1173 2028 1272 2059 notae

263 2079 455 2113 Sufficiunt
475 2078 580 2120 vires,
600 2089 665 2111 nec
679 2089 750 2111 vox
770 2089 837 2111 nec
855 2078 966 2111 verba
985 2081 1191 2122 sequuntur
1211 2091 1217 2113 :

263 2132 321 2166 Sic
341 2132 476 2175 Turno,
499 2133 718 2175 quacunque
737 2130 834 2164 viam
853 2130 992 2164 virtute
1010 2132 1155 2175 petivit,

263 2185 475 2219 Successum
495 2184 563 2218 dea
582 2183 670 2216 Dim
685 2184 831 2229 negat-,j
864 2183 956 2217 Tum
976 2186 1120 2227 pectore
1139 2195 1265 2217 sensus

262 2238 472 2271 Vertuntur
489 2237 581 2271 varii
602 2249 608 2270 :
639 2237 798 2269 Rutulos
817 2238 979 2280 aspectat
998 2239 1035 2270 et
1053 2237 1193 2279 urbem,
1439 2234 1481 2256 ⁹¹⁵

264 2291 539 2334 Cunctaturque
558 2292 672 2332 metu,
694 2290 883 2333 telumque
903 2291 1039 2323 instare
1059 2290 1236 2323 tremiscit
1258 2303 1264 2324 :

262 2344 301 2378 N
303 2356 343 2378 ec
362 2355 435 2388 quo
455 2355 491 2377 se
511 2343 653 2386 eripiat,
672 2353 738 2375 nec
757 2344 832 2385 qus»
852 2342 888 2375 vi
909 2342 1038 2376 tendat
1057 2343 1095 2375 in
1115 2342 1270 2386 hostem,
