1528 2569
578 116 763 143 VIRGILII
795 115 921 143 CIRIS.

197 203 282 238 Sive
301 203 411 237 etiam
431 205 484 236 est
504 203 606 237 iactis
626 203 781 247 speciem
799 205 942 236 mutata
961 203 1111 238 venenis

198 257 334 290 Infelix
353 256 600 300 virgo-—quid
619 256 715 290 enim
736 256 962 290 commiserat
981 256 1043 290 1113
1058 257 1070 291 '2

198 309 282 353 Ipse
302 310 412 343 Pater
430 309 568 343 nudam
588 321 693 343 saeva
713 309 921 352 complexus
940 321 1049 344 arena

199 362 415 406 Coniugium
437 374 538 395 carae
560 362 757 396 violaverat
776 362 1028 406 Amphitrites.

198 417 374 449 Attamen
393 415 513 459 exegit
531 415 639 459 longo
658 418 740 459 post
758 417 921 458 tempore
939 426 1086 459 poenas,

198 468 264 511 Ut,
287 480 369 502 cum
389 480 474 502 cura
493 469 550 501 sui
568 468 762 501 veheretur
781 468 942 511 coniugis
961 468 1048 511 alto,

198 520 284 565 Ipsa
302 524 442 555 trucem
460 521 578 554 multo
597 521 763 554 misceret
783 521 956 564 sanguine
975 524 1130 565 pontum
1148 535 1210 563 3—-

199 574 271 607 Seu
290 585 387 617 vero,
409 577 452 607 ut
470 574 675 618 perhibent,
697 575 812 607 forma
831 585 914 608 cum
933 574 1093 608 vinceret
1113 586 1238 608 onmes

199 627 248 660 Et
268 627 417 670 cupidos
437 630 592 671 quaestu
610 627 744 670 passim
763 627 953 670 popularet
973 630 1148 671 amantes,

199 680 364 713 Piscibus
383 682 419 713 et
439 680 588 713 canibus
607 680 741 712 rabidis
761 679 896 712 vallata
914 683 1063 723 repente

198 733 401 766 Horribiles
421 733 555 766 circum
574 732 667 765 vidit
686 744 722 765 se
742 732 867 765 sistere
886 733 1074 766 formas—-

198 785 286 819 Heu
305 785 447 828 quoties
466 785 598 818 mirata
616 796 728 818 novos
747 785 925 828 expalluit
944 788 1045 819 artus

198 838 284 882 Ipsa
303 850 386 872 suos
403 840 409 872 !
441 838 582 882 quoties
600 838 673 871 heu
692 837 882 881 pertimuit
901 838 1056 872 latratus
1073 839 1138 872 1-

197 892 299 925 Ausa
318 891 416 935 quod
437 894 491 924 est
510 891 641 924 mulier
658 902 795 924 numen
813 891 981 925 fraudare
1000 892 1152 925 deorum

198 944 248 978 Et
267 944 401 978 dictam
421 944 557 977 Veneri
575 947 662 978 voto
681 944 916 977 intervertere
935 956 1088 988 poenam
1107 957 1114 979 :

200 997 330 1040 Quam,
352 997 448 1030 mala
466 997 659 1040 multiplici
677 997 852 1030 iuvenum
871 998 970 1040 quod
989 1000 1113 1041 saepta
1132 998 1276 1031 caterva

198 1050 351 1084 Dixerat
370 1053 480 1094 atque
500 1051 620 1083 animo
638 1050 811 1083 meretrix
830 1050 963 1084 iactata
981 1051 1152 1094 ferarum,

199 1103 381 1137 Infamem
400 1103 465 1137 tali
483 1103 612 1136 merito
631 1115 775 1137 rumore
794 1103 917 1146 fuisse,

199 1156 318 1190 Docta
336 1156 571 1200 Palaephatia
589 1159 747 1190 testatur
765 1168 852 1190 voce
872 1168 1040 1200 papyrus.

201 1209 389 1253 Quidquid
408 1212 445 1243 et
464 1212 507 1242 ut
527 1209 680 1253 quisque
700 1212 755 1242 est
774 1209 841 1242 tali
860 1210 905 1243 de
926 1210 1026 1242 clade
1045 1209 1202 1253 locutus,

200 1262 332 1295 Omnia
351 1262 424 1295 sint
443 1275 449 1297 :
478 1263 598 1306 potius
617 1263 724 1295 liceat
743 1265 926 1296 notescere
947 1262 1069 1305 Cirini,

199 1316 337 1359 Atque,
358 1327 470 1349 unam
489 1327 534 1348 ex
554 1315 679 1349 multis
699 1315 856 1359 Scyllam
875 1327 949 1348 non
968 1327 1044 1349 esse
1063 1315 1203 1359 puellis

200 1368 318 1409 Quare
338 1380 443 1412 quae,
466 1371 594 1401 cantus
613 1368 808 1401 meditanti
825 1368 971 1401 mittere
990 1371 1119 1411 certos,

199 1421 336 1465 Magna
354 1421 445 1454 mihi
463 1421 594 1465 cupido
612 1421 792 1454 tribuistis
811 1421 981 1465 praemia,
1004 1421 1109 1455 divae

199 1474 570 1518 Pierides—-quarum
590 1476 705 1507 castos
725 1474 854 1508 altaria
872 1478 992 1518 postes

199 1526 355 1561 Munere
375 1539 479 1571 saepe
499 1539 579 1561 meo
597 1527 779 1570 inficiunt,
801 1527 1012 1571 foribusque
1032 1527 1221 1571 hyacinthi

199 1580 400 1624 Deponunt
420 1581 536 1623 fiores,
560 1584 624 1614 aut
644 1592 753 1614 suave
773 1581 908 1614 rubens
927 1581 1118 1624 narcissus,

198 1634 276 1667 Aut
297 1646 419 1667 crocus
438 1634 578 1667 alterna
597 1633 817 1677 coniungens
836 1634 913 1667 lilia
931 1633 1063 1677 caltha,

200 1686 402 1730 Sparsaque
421 1686 608 1720 liminibus
627 1687 732 1720 floret
751 1698 999 1728 rosa‚—nunc
1018 1698 1095 1731 age,
1119 1686 1238 1730 divae,

199 1740 397 1783 Praecipue
417 1743 542 1773 nostro
561 1751 660 1773 nunc
679 1740 860 1783 adspirate
880 1740 1008 1783 labori,

199 1793 324 1836 Atque
344 1804 481 1826 novum
500 1795 646 1826 aeterno
666 1793 868 1836 praetexite
886 1793 1023 1826 honore
1043 1793 1228 1827 volumen.

253 1846 347 1879 Sunt
366 1844 578 1879 Pandioniis
597 1846 735 1879 vicinae
755 1846 901 1879 sedibus
920 1846 1028 1879 urbes

199 1899 356 1932 Actaeos
374 1899 471 1931 inter
490 1899 598 1932 colles
617 1901 654 1932 et
673 1899 826 1932 candida
845 1898 974 1932 Thesei

199 1951 398 1995 Purpureis
417 1952 490 1985 late
509 1951 668 1985 ridentia
686 1952 794 1985 litora
813 1951 970 1995 conchis,

201 2003 364 2044 Quarum
382 2016 457 2037 non
476 2004 543 2037 ulli
561 2005 657 2038 fama
676 2005 870 2038 concedere
889 2005 1000 2048 digua

200 2057 282 2091 Stat
302 2057 464 2101 Megara,
487 2057 616 2090 Actaei
635 2058 820 2101 quondam
839 2058 982 2091 munita
1001 2057 1122 2091 labore

198 2110 370 2143 Alcathoi
388 2110 599 2154 Phoebique
617 2123 624 2145 :
653 2110 742 2144 deus
761 2122 919 2154 namque
938 2110 1058 2143 adfuit
1077 2109 1133 2143 illi
1148 2122 1159 2152 3

201 2162 309 2196 Unde
327 2162 450 2206 etiam,
473 2163 632 2196 citharae
652 2175 756 2196 voces
775 2163 940 2196 imitatus
960 2166 1097 2205 acutas,

200 2215 312 2260 Saepe
331 2216 423 2260 lapis
441 2219 603 2259 recrepat
624 2216 788 2260 Cyllenia
806 2228 994 2250 murmura
1012 2216 1152 2260 pulsus,

199 2268 248 2302 Et
269 2271 428 2303 veterem
448 2269 571 2302 sonitu
591 2269 731 2302 Phoebi
750 2272 909 2302 testatur
927 2281 1096 2304 amorem.

198 2321 307 2355 Hanc
326 2322 465 2365 urbem,
488 2325 573 2355 ante
592 2322 680 2356 alios
701 2322 764 2366 qui
782 2325 864 2355 tum
883 2322 1034 2356 florebat
1054 2322 1091 2355 111
1111 2322 1232 2364 armis,

197 2374 348 2409 Fecerat
367 2375 537 2409 infestam
555 2375 749 2420 populator
768 2375 901 2419 remige
922 2375 1058 2419 Minos,

1354 107 1406 143 89

1381 254 1409 280 10

1383 783 1411 802 80

1384 1048 1412 1067 ⁸5

1385 1313 1412 1333 9⁰

1377 1843 1414 1863 10⁰

1375 2107 1414 2128 105

1376 2371 1414 2392 110
