1559 2584
148 80 223 117 120

615 88 802 116 VIRGILII
829 89 985 117 AENEIS.

244 172 404 217 Jamque
421 173 493 207 iter
510 174 658 217 emensi,
680 177 799 208 turres
817 186 858 208 ac
875 177 973 209 tecta
990 174 1206 212 Latinorum

245 226 373 260 Ardua
392 227 588 260 cernebant
603 227 771 270 juvenes,
789 239 966 272 muroque
984 229 1166 265 subibant.

244 279 344 313 Ante
363 279 491 313 urbem
509 279 612 323 pueri
630 282 667 313 et
685 280 859 323 primaevo
877 281 965 314 flore
978 281 1158 325 juventus

246 332 471 366 Exercentur
489 332 603 376 equis,
626 332 882 377 domitantque
899 334 939 367 in
957 335 1106 378 pulvere
1125 347 1250 370 currus
1268 349 1282 381 ;

245 386 324 418 Aut
342 397 440 418 acres
459 385 619 419 tendunt
638 397 754 429 arcus,
776 389 840 420 aut
858 387 960 421 lenta
977 387 1120 422 lacertis

245 437 391 482 Spicula
408 441 663 482 contorquent,
685 450 865 483 cursuque
881 440 1032 484 ictuque
1048 441 1241 478 lacessunt.

247 490 370 532 Quum
388 494 591 535 praevectus
610 503 703 535 equo
721 492 880 536 longaevi
897 493 990 537 regis
1008 493 1056 527 ad
1073 505 1178 528 aures

247 544 416 578 Nuncius
434 544 600 588 ingentes
618 544 744 588 ignota
762 545 801 579 in
820 548 920 580 veste
938 549 1101 589 reportat

245 597 448 631 Advenisse
467 598 562 631 viros
579 611 587 639 3
615 598 677 631 ille
696 598 795 632 intra
812 601 910 633 tecta
929 599 1050 633 vocari

246 650 419 694 Imperat,
443 653 480 684 et
499 650 588 684 solio
607 650 750 684 medius
769 652 932 686 consedit
951 653 1060 687 avito.

300 703 452 737 Tectum
463 706 672 747 augustum,
690 704 831 748 ingens,
849 717 911 739 cen
917 708 998 739 tum
1013 705 1168 741 sublime
1182 706 1373 751 columnis,

247 756 347 790 Urbe
365 757 438 790 fuit
457 759 610 799 summa,
634 756 826 791 Laurentis
844 759 942 802 regia
960 759 1051 803 Pici,

247 809 484 843 Horrendum
502 810 614 853 sylvis
634 812 671 843 et
689 811 862 854 religione
881 815 1083 855 parentum.

248 862 321 897 Hic
339 865 481 907 sceptra
498 863 670 906 accipere,
687 866 724 896 et
743 864 877 907 primos
895 865 1062 899 attollere
1079 865 1192 899 fasces

247 915 410 959 Regibus
428 927 535 949 omen
554 918 631 949 erat
652 929 658 949 :
687 916 755 949 hoc
773 916 845 950 illis
864 918 974 961 curia,
996 919 1177 962 templum
1196 932 1204 954 ι

249 968 342 1002 Haeo
360 969 468 1002 sacris
487 969 588 1002 sedes
608 969 724 1012 epulis
742 981 748 1003 :
777 970 847 1012 hic,
869 971 980 1004 ariete
1000 982 1102 1014 caeso,

249 1021 442 1065 Perpetuis
461 1022 560 1055 soliti
578 1025 697 1064 patres
717 1023 901 1056 considere
920 1024 1062 1058 mensis,

249 1074 347 1115 Quin
367 1075 476 1108 etiam
495 1077 660 1108 veterum
679 1075 812 1118 effigies
830 1087 876 1109 ex
896 1076 1021 1109 ordine
1040 1088 1190 1113 avorum

249 1127 417 1171 Antiqua
436 1139 454 1160 e
475 1127 593 1170 cedro,
637 1127 820 1171 talusque,
842 1132 1017 1173 paterque
1037 1129 1193 1163 Sabinus

249 1180 442 1223 Vitisator,
464 1192 613 1214 curvam
633 1191 780 1214 servans
798 1182 864 1215 sub
883 1182 1040 1226 imagine
1058 1183 1200 1226 falcem,

250 1233 502 1278 Saturnusque
521 1244 644 1274 senex,
666 1232 828 1278 Jamque
846 1235 1017 1269 bifrontis
1034 1235 1164 1279 imago,

250 1287 444 1321 Vestibulo
463 1287 633 1320 astabant
650 1298 659 1327 3
687 1287 822 1331 aliique
841 1288 886 1321 ab
905 1288 1042 1332 origine
1060 1300 1172 1332 reges,

250 1339 460 1384 Martiaque
478 1340 525 1373 ob
538 1339 695 1384 patriam
713 1341 911 1384 pugnando
933 1342 1082 1375 vulnera
1100 1342 1203 1385 passi.

250 1393 447 1437 Multaque
466 1395 642 1437 praeterea
660 1393 768 1427 sacris
786 1394 825 1427 in
844 1395 1008 1438 postibus
1023 1406 1134 1438 arma,

251 1446 396 1490 Captivi
414 1446 578 1490 pendent
597 1457 734 1489 currus,
757 1459 950 1491 curvaeque
969 1459 1121 1491 secmes,

220 1508 222 1510 ·
249 1499 299 1533 Et
319 1500 436 1533 cristae
455 1499 628 1543 capitum,
647 1501 684 1531 et
702 1502 889 1543 portarum
907 1500 1070 1543 ingentia
1089 1500 1256 1544 claustra,

250 1552 480 1596 Spiculaque,
503 1552 704 1595 clypeique,
727 1556 923 1597 ereptaque
941 1557 1058 1587 rostra
1077 1554 1216 1589 carinis,

250 1605 333 1649 Ipse
353 1604 532 1645 Quirinali
549 1605 643 1638 lituo
664 1608 847 1650 parvaque
866 1606 1015 1640 sedebat

250 1658 463 1692 Succinctus
481 1658 618 1700 trabea,
640 1659 806 1702 laevaque
824 1659 940 1693 ancile
958 1659 1106 1703 gerebat

249 1712 372 1754 Picus,
393 1711 529 1754 equum
547 1711 706 1745 domitor
726 1724 732 1746 :
761 1723 871 1755 quem
890 1715 996 1755 capta
1014 1710 1184 1755 cupidine
1204 1711 1353 1757 conjux,

251 1766 373 1799 Aurea
391 1775 601 1808 percussum
619 1766 732 1809 virga,
755 1775 972 1808 versumque
990 1765 1152 1808 venenis,

249 1818 353 1852 Fecit
372 1828 476 1851 avem
496 1817 609 1860 Circe,
627 1818 831 1862 sparsitque
850 1817 1029 1851 coloribus
1048 1818 1131 1852 alas.

252 1871 330 1904 Tali
349 1871 451 1904 intus
470 1870 607 1913 templo
627 1871 777 1913 Divum,
799 1871 991 1914 patriaque
1010 1870 1165 1904 Latinus

250 1924 342 1958 Sede
362 1924 502 1966 sedens,
525 1923 680 1957 Teucros
699 1924 745 1957 ad
765 1935 841 1957 sese
858 1924 898 1957 in
916 1926 1014 1957 tecta
1031 1924 1177 1957 vocavit
1197 1936 1206 1966 3

249 1978 376 2020 Atque
394 1976 472 2011 haec
491 1976 659 2020 ingressis
677 1977 819 2021 placido
838 1976 936 2020 prior
955 1976 1070 2010 edidit
1090 1988 1150 2010 ore
1169 1988 1175 2010 :

253 2032 278 2049 “
294 2030 426 2072 Dicite,
441 2029 674 2073 Dardamdae‚
684 2031 816 2074 (neque
831 2029 928 2062 enim
942 2030 1121 2062 nescimus
1136 2031 1173 2062 et
1187 2028 1314 2063 urbem

250 2084 300 2117 Et
318 2094 444 2127 genUS,
467 2082 656 2126 auditique
675 2082 867 2116 advertitis
886 2093 1031 2126 aequore
1050 2082 1223 2126 cursum),

250 2136 349 2177 Quid
367 2135 492 2181 petitis
510 2135 521 2169 2
550 2148 634 2180 quae
653 2147 760 2169 causa
778 2138 886 2178 rates,
909 2137 974 2168 aut
993 2135 1097 2178 cujus
1116 2137 1275 2178 egentes,

250 2189 374 2223 Littus
394 2188 441 2222 ad
459 2188 667 2222 Ausonium
685 2191 743 2222 tot
762 2200 825 2232 per
843 2188 937 2222 vada
957 2187 1092 2221 coerula
1110 2187 1211 2220 vexit
1229 2186 1238 2220 2

250 2242 335 2276 Sive
354 2253 471 2275 errore
490 2242 572 2286 viae,
596 2253 659 2275 seu
677 2241 958 2285 tempestatibus
976 2239 1061 2282 acti,

251 2294 397 2339 (Qualia
410 2295 528 2328 multa
546 2295 637 2328 mari
656 2297 779 2329 nautae
797 2294 990 2337 patiuntur
1007 2293 1046 2326 iu
1065 2291 1155 2337 alto)

251 2347 432 2382 Fluminis
449 2348 615 2383 intrastis
633 2347 741 2393 ripas,
763 2349 945 2392 portuque
965 2345 1113 2390 sedetis,

1417 175 1456 196 loc

1417 439 1456 460 165

1420 968 1459 993 ¹7⁵

1421 1233 1462 1254 180

1423 1498 1462 1518 185>

1423 1762 1464 1783 190

1426 2026 1464 2046 195

1424 2290 1467 2311 20⁰
