1559 2584
571 80 758 109 VIRGILH
789 82 943 109 AENEIS.

210 169 423 214 Praecipites
443 172 524 204 atra
543 181 608 204 ceu
627 172 845 215 tempestate
865 170 1054 213 columbae,

207 222 407 256 Condenszc
427 226 464 257 et
483 223 621 256 Divum
641 224 820 267 amplexa)
839 223 1033 257 simulacra
1051 223 1228 258 tenebant

209 275 334 319 Ipsum
354 278 477 309 autem
497 276 652 320 sumptis
671 276 858 310 Priamum
873 275 1101 320 juvenilibus
1119 277 1228 310 armis

208 327 262 361 Ut
281 328 377 362 vidit
396 341 403 363 :
435 330 461 347 “
476 328 566 369 Quae
586 341 688 362 mens
708 332 785 362 tam
804 329 896 372 dira,
918 329 1117 362 misemme
1137 330 1287 374 conjux,

208 380 362 424 Impulit
381 382 438 415 his
457 381 552 425 cingi
570 382 653 415 telis
669 382 681 415 2
708 384 773 415 aut
793 393 865 426 quo
884 382 960 415 ruis
977 381 1022 415 2„
1051 382 1181 426 inquit.

211 435 237 452 “
253 434 340 467 Non
359 434 426 468 tali
445 435 598 478 auxilio,
620 446 687 468 nec
708 435 959 469 defensoribus
973 435 1053 468 istis

208 487 365 531 Tempus
385 490 466 531 eget
484 500 491 522 ε
520 499 607 530 11011,
630 488 660 521 51
680 488 756 531 ipse
775 499 878 521 meus
896 499 995 521 nunc
1014 489 1142 521 afforet
1162 487 1311 522 Hector.

209 540 296 573 Huc
314 541 465 573 tandem
485 540 641 574 concede
659 553 666 574 :
696 541 774 574 haec
793 552 854 574 ara
872 540 1039 574 tuebitur
1058 552 1205 584 omnes3

208 593 287 627 Aut
306 593 459 626 moriere
479 593 596 627 simul.
604 593 623 609 ”
683 593 740 627 Sic
760 605 820 627 ore
840 594 961 636 effata,
983 593 1119 637 recepit

208 646 269 680 Ad
290 657 365 679 sese
386 648 422 679 et
442 649 544 680 sacra
563 646 770 690 longaevum
789 647 827 680 in
847 647 930 680 sede
950 645 1095 681 locavit.

208 699 302 732 Ecce
321 701 446 733 autem
466 699 610 743 clapsus
630 699 764 743 Pyrrhi
785 699 829 733 (16
850 700 947 733 caede
967 700 1116 743 Polites,

208 751 316 786 Unus
335 755 507 786 natorum
522 752 672 795 Priami,
694 764 759 796 per
776 753 863 796 tela,
885 765 950 797 per
967 753 1089 786 hostes

207 805 415 839 Porticibus
433 805 549 849 longis
568 806 676 849 fugit,
699 808 735 839 et
754 817 869 839 vacua
888 806 980 840 atria
999 807 1132 839 lustrat

209 858 368 892 Saucius.
429 859 541 892 Illum
561 859 691 892 ardens
709 859 842 892 infesto
861 859 1011 892 vulnere
1030 859 1195 903 Pyrrhus

207 911 432 956 Insequitur,
450 911 528 955 jam
543 912 693 955 jamque
713 923 824 945 manu
843 915 945 945 tenet
965 915 1001 945 et
1021 912 1152 955 premit
1171 912 1287 946 hasta.

209 964 263 998 Ut
281 965 433 998 tandem
453 967 539 998 ante
560 965 682 998 oculos
703 965 818 998 evasit
837 968 874 998 et
894 977 955 998 ora
974 968 1181 1008 parentum,

210 1017 379 1051 Concidit
398 1029 439 1051 ac
458 1017 579 1050 multo
600 1018 715 1050 vitam
735 1029 819 1050 cum
838 1018 1014 1061 sanguine
1033 1018 1139 1051 fudit.

209 1070 283 1104 Hic
302 1071 482 1113 Priamus,
506 1081 717 1114 quanquam
736 1071 774 1103 in
794 1070 914 1104 media
929 1071 1007 1114 jam
1026 1073 1143 1104 morte
1162 1073 1324 1114 tenetur,

210 1124 299 1157 Non
318 1127 442 1157 tamen
462 1123 654 1166 abstinuit,
677 1135 744 1156 nec
764 1123 845 1157 voci
864 1123 1001 1167 iraeque
1021 1123 1182 1167 pepercit
1203 1136 1210 1157 z

213 1178 238 1195 “
254 1177 306 1210 At
325 1177 395 1210 tibi
414 1188 478 1220 pro
498 1176 667 1219 scelei·e‚''
688 1177 880 1219 exclamat,
907 1178 1009 1220 “pro
1028 1177 1164 1210 talibus
1185 1176 1293 1220 ausis,

209 1230 258 1264 Di
280 1230 324 1275 (si
345 1241 417 1274 qua
436 1232 490 1263 est
510 1230 600 1263 coelo
620 1229 748 1273 pietas,
772 1242 853 1274 quae
874 1230 962 1263 talia
981 1230 1098 1274 curet)

209 1283 426 1317 Persolvant
444 1285 563 1327 grates
583 1281 725 1326 dignas,
748 1286 784 1316 et
804 1283 954 1327 praemia
971 1282 1130 1316 reddant

210 1336 346 1370 Debita
363 1349 371 1378 3
401 1336 465 1381 qui
484 1335 563 1370 nati
582 1347 701 1369 coram
721 1348 779 1369 me
799 1348 944 1370 cernere
963 1336 1079 1369 letum

211 1390 358 1432 Fecisti,
381 1392 418 1423 et
436 1390 575 1433 patrios
593 1389 745 1422 foedasti
763 1389 891 1423 funere
910 1390 1044 1423 vultus.

210 1444 262 1477 At
281 1454 356 1476 non
375 1442 436 1476 ille
456 1445 576 1476 satum
596 1454 669 1486 quo
688 1445 725 1475 te
744 1443 910 1476 mentiris
929 1443 1090 1477 Achilles

212 1496 309 1530 Talis
327 1496 365 1529 111
385 1496 489 1529 hoste
508 1496 580 1529 fuit
601 1495 767 1538 Priamo;
796 1496 857 1530 sed
874 1496 958 1542 jura
978 1497 1159 1542 fidemque

213 1549 393 1595 Supplicis
412 1550 571 1594 erubuit,
595 1561 797 1595 corpusque
817 1562 999 1594 exsangue
1019 1551 1182 1594 sepulcro

211 1603 390 1638 Reddidit
410 1603 645 1647 Hectoreum,
668 1615 799 1648 meque
818 1604 856 1637 111
875 1615 955 1637 mea
974 1615 1084 1647 regna
1102 1601 1279 1637 remisit.”

212 1657 271 1691 Sic
289 1657 388 1690 fatus
407 1657 526 1690 senior
542 1670 550 1698 ;
579 1657 767 1701 telumque
786 1657 930 1690 imbelle
951 1657 1026 1690 sine
1046 1657 1122 1690 ictu

213 1710 391 1755 Conjecit,
413 1721 523 1744 rauco
543 1710 642 1754 quod
661 1710 828 1754 protinus
847 1722 916 1744 aere
935 1711 1121 1754 repulsum

212 1763 244 1797 E
263 1775 404 1797 summo
424 1763 542 1807 clypei
560 1763 804 1807 nequicquam
823 1764 981 1797 umbone
1001 1762 1187 1807 pependit.

213 1816 281 1850 Cui
301 1816 484 1860 Pyrrhus:
517 1817 542 1834 ‘⁴
558 1816 708 1850 Referes
728 1828 811 1860 ergo
830 1817 920 1859 haec,
943 1820 980 1850 et
999 1816 1153 1850 nuntius
1171 1815 1241 1850 ibis

213 1869 352 1903 Pelidae
372 1869 529 1914 genitori
550 1882 556 1904 :
586 1869 640 1903 illi
659 1881 740 1903 mea
759 1870 879 1903 tristia
897 1870 1007 1913 facta,

212 1923 511 1967 Degeneremque
531 1922 817 1966 Neoptolemum
832 1934 976 1956 narrare
995 1925 1188 1956 memento

213 1976 326 2010 Nunc
346 1975 522 2010 morere.⁷'
552 1975 591 2009 H
595 1987 645 2009 {cc
664 1976 801 2019 dicens,
823 1976 953 2010 altaria
972 1977 1015 2010 ad
1037 1976 1114 2020 ipsa
1133 1977 1349 2009 trementem

213 2029 353 2072 Traxit,
375 2031 413 2063 et
433 2029 471 2062 in
490 2029 607 2062 multo
627 2029 830 2072 lapsantem
850 2030 1026 2073 sanguine
1045 2029 1124 2063 nati
1141 2042 1149 2070 ;

212 2082 473 2127 Implicuitque
491 2093 632 2116 comam
651 2082 746 2116 laeva
766 2095 774 2124 3
803 2082 1008 2125 dextraque
1027 2092 1214 2116 coruscum

214 2135 372 2179 Extulit,
395 2147 438 2169 ac
456 2135 562 2169 lateri
581 2135 709 2179 capulo
729 2138 837 2169 tenus
858 2135 1000 2169 abdidit
1021 2146 1153 2169 ensem.

213 2187 306 2222 Haec
325 2189 407 2222 finis
427 2188 564 2222 Priami
583 2189 743 2223 fatorum
763 2202 771 2231 ;
798 2188 857 2223 hic
877 2188 999 2222 exitus
1018 2188 1124 2221 illum

215 2241 319 2275 Sorte
338 2241 437 2284 tulit,
462 2241 607 2285 Trojam
626 2241 810 2276 incensam
831 2243 867 2275 et
887 2242 1053 2285 prolapsa,
1071 2240 1256 2274 videntem

213 2293 404 2338 Pergama,
426 2296 483 2328 tot
503 2293 690 2338 quondam
709 2295 854 2338 populis
872 2295 1052 2338 terrisque
1071 2293 1266 2337 superbum

214 2346 461 2394 Regnatorem
479 2347 578 2382 Asiae
596 2359 602 2381 :
628 2347 727 2393 jacet
745 2348 872 2394 ingens
889 2347 1014 2382 littore
1031 2349 1196 2390 truncus,

1386 377 1425 400 52⁰

1385 642 1426 664 ³25

1388 908 1427 929 53⁰

1385 1174 1427 1195 535

1386 1439 1429 1460 540

1381 1704 1423 1726 ⁵⁴5

1384 1972 1426 1992 550

1385 2236 1426 2257 555
