1559 2584
121 105 200 143 100

592 114 777 144 VIRGILII
805 113 960 143 AENEIS.

224 203 276 236 At
296 201 378 246 pius
397 202 535 237 AEneas
553 203 695 247 ingenti
713 203 809 237 mole
828 204 1035 248 sepulcrum

225 255 401 299 Imponit‚
424 267 562 299 suaque
581 267 682 290 arma
701 256 789 299 viro,
809 267 1032 300 remumque,
1058 255 1270 301 tubamque,

224 307 355 342 Monte
374 308 442 342 sub
461 308 569 352 aerio,
591 308 656 352 qui
674 320 772 342 nunc
791 309 955 343 Zbliscnus
974 309 1020 342 ab
1038 309 1102 343 illo

224 360 379 403 Dicitur,
404 363 656 405 aeternumque
674 364 776 395 tenet
794 373 859 405 per
877 362 997 396 secula
1015 373 1157 396 nomen.

226 413 297 446 His
315 408 404 447 actis
422 425 572 458 propere
592 415 804 458 exsequitur
821 417 1001 458 praecepta
1020 414 1177 458 Sibyllae.

279 465 459 510 Spelunca
478 467 552 500 alta
570 467 654 510 fuit,
676 470 852 511 vastoque
871 467 1039 500 immanis
1057 467 1174 510 hiatu,

226 518 396 563 Scrupea,
417 522 501 553 tuta
520 520 602 553 lacu
622 520 724 563 nigro
743 531 1005 563 nemorumque
1022 520 1180 553 tenebris
1198 532 1205 554 z

228 571 346 611 Quam
367 583 474 616 super
492 572 591 606 haud
610 573 696 606 ullae
716 575 885 616 poterant
905 573 1054 616 impune
1073 571 1235 606 velantes

225 623 387 658 Tendere
406 625 476 658 iter
494 626 624 669 pennis
643 638 652 666 3
679 626 763 659 talis
783 637 858 658 sese
878 625 1013 658 halitus
1033 625 1120 658 atris
1395 622 1435 642 ‘²⁴³'

225 677 406 711 Faucibus
425 678 614 711 effundens
632 689 761 722 supera
779 678 825 712 ad
844 689 1006 712 convexa
1022 678 1183 720 ferebat3

227 729 335 763 Unde
354 730 475 764 locum
495 731 596 764 Graii
615 731 790 765 dixerunt
808 731 954 764 nomine
974 731 1134 765 Ammon.

227 782 392 823 Quatuor
409 783 469 817 hic
487 784 644 827 pn'mum
663 784 847 827 nigrantes
866 786 967 827 terga
981 783 1159 827 juvencos

227 835 439 879 Constituit,
462 837 647 880 frontique
665 831 830 880 invetgit'
842 837 927 870 vina
945 836 1109 870 sacerdos
1129 849 1138 877 ;

229 888 290 931 Et,
314 900 472 922 summas
491 901 640 933 carpens
659 890 779 923 media
798 890 895 923 inter
910 900 1044 922 cornua
1064 891 1171 931 setas,
1397 885 1438 906 ²⁴⁵

227 940 380 984 Ignibus
398 942 554 986 imponit
573 943 681 976 sacris
699 942 872 976 libamina
890 942 1018 985 prima,

227 993 327 1027 Voce
346 1006 478 1028 vocans
498 995 663 1028 Hecaten
682 996 844 1038 coeloque
863 995 1054 1038 Ereboque
1072 996 1270 1038 potentem.

228 1046 448 1090 Supponunt
467 1047 529 1081 alii
548 1048 695 1090 cultros,
717 1048 956 1091 tepidumque
976 1058 1138 1080 cruorem

229 1099 439 1143 Suscipiunt
458 1100 601 1143 pateris.
662 1100 745 1144 Ipse
765 1101 836 1134 atri
854 1099 996 1133 velleris
1015 1110 1145 1143 agnam

230 1152 368 1186 AEneas
386 1154 496 1186 matri
514 1153 761 1186 Eumenidum
780 1164 993 1197 magnaeque
1013 1152 1125 1185 sorori
1397 1148 1438 1169 ²¹⁰

229 1205 326 1238 Ense
345 1205 430 1238 ferit
450 1219 457 1247 ;
486 1206 718 1249 sterilemque
738 1206 818 1249 tibi,
841 1205 1066 1249 Proserpina,
1092 1216 1244 1239 vaccam.

229 1257 322 1291 Tum
343 1257 469 1302 Stygio
488 1259 563 1302 regi
582 1262 778 1292 nocturnas
797 1259 944 1292 inchoat
964 1270 1056 1301 aras,

229 1310 279 1344 Et
298 1311 413 1345 solida
430 1312 586 1356 imponit
603 1315 792 1345 taurorum
811 1312 947 1345 viscera
964 1311 1132 1353 flammis,

230 1363 372 1407 Pingue
391 1376 498 1408 super
517 1365 637 1398 oleum
654 1365 854 1398 infundens
872 1364 1085 1398 ardentibus
1105 1363 1208 1397 extis.

229 1415 322 1450 Ecce
342 1420 477 1460 autem,
499 1418 606 1461 primi
625 1418 692 1451 sub
711 1418 852 1451 lumina
867 1417 959 1451 Solis
978 1420 1015 1450 et
1034 1419 1147 1459 ortus,
1398 1412 1438 1433 ²⁵⁵

182 1499 183 1502 ,
231 1469 307 1503 Sub
326 1470 479 1513 pedibus
498 1471 637 1514 mugire
656 1471 783 1512 solum,
808 1473 844 1503 et
858 1471 949 1514 juga
968 1472 1087 1513 coepta
1105 1467 1242 1502 moveri

232 1522 426 1565 Sylvarum
437 1536 445 1564 ;
474 1524 633 1567 visaeque
653 1534 757 1556 canes
776 1523 917 1556 ululare
936 1534 1000 1566 per
1017 1523 1193 1561 umbram,

231 1574 467 1608 Adventante
486 1576 572 1610 Dea.
637 1577 661 1593 “
675 1576 808 1609 Procul
827 1587 860 1618 0,
882 1575 1008 1619 procul
1027 1578 1115 1617 este,
1137 1573 1316 1618 profaniss’

232 1627 442 1662 Conclamat
461 1631 575 1672 vates,
601 1630 787 1672 “totoque
802 1628 967 1662 absistite
986 1628 1077 1661 11100.

233 1680 361 1723 Tuque
379 1681 512 1715 invade
527 1681 636 1724 viam,
658 1682 863 1725 vaginaque
884 1681 980 1724 eripe
999 1680 1136 1713 ferrum
1158 1692 1165 1721 ;

232 1733 344 1766 Nunc
362 1734 491 1767 animis
510 1746 612 1778 opus,
635 1734 765 1777 AEnea,
788 1745 887 1767 nunc
905 1736 1050 1777 pectore
1068 1733 1181 1766 firmo.
1189 1731 1209 1748 '²

233 1786 392 1820 Tantum
411 1787 531 1829 effata,
553 1787 678 1820 furens
697 1789 803 1820 antro
822 1798 859 1820 se
878 1786 1029 1819 immisit
1049 1788 1175 1829 aperto
1193 1796 1200 1818 ι

234 1838 302 1872 1110
321 1839 451 1872 ducem
470 1840 568 1873 haud
582 1840 722 1873 timidis
742 1839 938 1873 vadentem
957 1838 1123 1882 passibus
1141 1839 1274 1880 aequat.

287 1891 348 1935 Di,
371 1892 504 1935 quibus
523 1893 714 1936 imperium
734 1894 788 1925 est
808 1892 1023 1934 animarum,
1043 1890 1266 1933 Umbraeque
1280 1888 1440 1932 silentes,

233 1944 283 1978 Et
302 1944 430 1988 Chaos,
452 1948 489 1978 et
509 1945 749 1989 Phlegethon,
771 1945 850 1978 loca
868 1946 974 1978 nocte
994 1943 1139 1977 silentia
1157 1943 1244 1986 late,
1401 1939 1442 1959 ²⁶³

236 1997 291 2031 Sit
310 1997 400 2031 mihi
418 1998 472 2031 fas
491 1998 617 2032 audita
635 1998 738 2041 loqui
756 2010 762 2032 ι
791 1998 838 2030 sit
858 1997 1007 2030 numine
1027 1998 1148 2029 vestro

235 2049 400 2084 Pandere
420 2062 475 2084 res
494 2051 568 2084 alta
586 2053 684 2084 terra
703 2053 739 2084 et
759 2050 909 2093 caligine
928 2060 1071 2083 mersas.

288 2103 400 2137 Ibant
414 2103 557 2137 obscuri
575 2104 652 2137 sola
673 2103 740 2137 sub
760 2105 866 2136 nocte
880 2114 944 2146 per
962 2102 1140 2144 umbram,

235 2155 378 2199 Perque
397 2156 523 2190 domos
542 2156 639 2190 Ditis
657 2168 799 2198 vacuas,
823 2158 860 2189 et
878 2155 1000 2188 inania
1019 2165 1130 2198 regna
1147 2164 1158 2189 ἕ

236 2207 351 2248 Quale
370 2221 433 2252 per
451 2209 628 2243 incertam
646 2209 770 2243 lunam
786 2209 854 2242 sub
872 2208 952 2241 luce
971 2207 1130 2251 maligna
1402 2200 1445 2226 ²7⁰

235 2260 303 2294 Est
321 2261 390 2294 iter
409 2262 447 2294 in
467 2262 598 2305 sylvis3
627 2261 691 2295 ubi
710 2262 842 2295 coelum
862 2260 1025 2294 condidit
1044 2259 1175 2292 umbra

235 2313 395 2357 Jupiter,
417 2317 454 2347 et
473 2315 579 2348 rebus
594 2326 668 2347 nox
686 2314 838 2348 abstulit
856 2316 935 2347 atra
955 2313 1117 2346 colorem.

237 2365 473 2401 Vestibulum
492 2369 577 2401 ante
598 2368 726 2411 ipsum,
750 2366 948 2411 primisque
968 2366 1006 2399 in
1025 2363 1190 2398 faucibus
1211 2362 1306 2409 Orci,

1399 1675 1441 1696 260
