1528 2569
613 96 748 123 LIBER
777 95 834 123 IV.

173 184 357 229 Coniugis,
379 185 416 217 et
435 195 576 227 sparsos
593 184 754 218 fraterna
773 183 869 217 eaede
889 183 1057 226 Penates,

173 238 278 272 Solus
297 238 355 271 hic
372 237 514 271 inflexit
533 249 658 271 sensus
676 237 911 281 animumque
929 228 1118 270 labantem*

174 290 326 335 Impulit
345 302 351 324 :
379 297 541 334 agnosco
551 291 684 324 veteris
705 290 854 334 vestigia
873 290 1036 323 flammae.

174 343 245 378 Sed
264 343 355 377 mihi
373 343 432 377 vel
449 343 558 377 tellus
577 347 699 388 optem
718 343 816 388 prius
835 343 907 376 ima
925 343 1099 386 dehiscat,

173 396 245 430 Vel
264 397 374 430 Pater
391 396 621 440 omnipotens
639 397 763 441 adigat
782 408 839 430 me
859 396 1010 430 fulmine
1030 396 1076 430 ad
1095 396 1253 440 umbras,

174 450 361 484 Pallentes
379 450 526 483 umbras
545 450 665 494 Erebi,
683 453 900 494 noctemque
918 449 1150 494 profundam,

174 503 285 546 Ante,
309 503 445 546 Pudor,
468 515 578 547 quam
596 506 634 537 te
652 503 762 546 violo,
784 505 849 537 aut
867 505 933 536 tua
948 503 1032 546 jura
1051 503 1201 536 resolvo.

176 556 244 590 Ille
263 567 373 599 meos,
396 557 533 600 primus
553 557 617 600 qui
636 568 693 589 me
713 556 780 589 sibi
795 555 934 600 junxit,
956 567 1096 589 amores

174 609 340 643 Abstulit
358 622 365 643 :
393 609 454 643 ille
473 609 605 643 habeat
625 621 757 652 secum,
779 611 970 652 servetque
990 607 1193 652 sepulero.’'

177 662 235 696 Sic
255 663 374 706 effata,
397 662 517 695 sinum
536 662 704 706 lacrymis
723 661 888 705 implevit
908 661 1053 695 obortis.

174 716 283 749 Anna
301 715 412 748 refert
428 728 436 756 3
469 716 494 732 “
510 715 540 749 O
561 715 640 749 luce
658 715 772 758 magis
791 714 924 748 dilecta
942 714 1066 757 sorori,

177 768 306 802 Solane
320 770 497 811 perpetua
515 779 672 801 moerens
690 768 834 812 carpere
849 767 1007 811 juvente.
1023 767 1035 800 2

175 821 212 855 N
215 833 255 855 ec
273 821 397 854 dulces
415 824 533 864 natos,
555 821 708 854 Veneris
726 832 793 854 nec
810 820 960 864 praemia
977 819 1102 854 noris?

174 874 221 908 Id
240 874 408 917 cinerem,
430 876 494 908 aut
513 886 637 908 manes
656 874 771 908 credis
790 885 913 907 curare
933 873 1121 917 sepultos?

176 927 264 961 Esto
286 940 292 962 :
317 939 451 971 aegram
468 927 562 961 nulli
581 928 766 971 quondam
783 927 915 960 flexere
933 927 1056 960 mariti
1075 940 1082 968 ;

176 980 263 1014 Non
283 980 420 1024 Libyae,
441 992 516 1014 non
535 983 620 1014 ante
640 981 734 1024 Tyro
755 993 762 1014 ε
791 980 982 1024 despectus
1001 980 1138 1022 Iarbas,

176 1034 426 1078 Ductoresque
444 1034 517 1077 alii,
541 1045 631 1078 quos
650 1034 773 1068 Africa
792 1036 889 1067 terra
907 1033 1103 1077 triumphis

176 1087 288 1120 Dives
306 1087 371 1121 alit
389 1099 395 1120 z
423 1087 602 1131 placitone
622 1087 733 1121 etiam
750 1087 928 1131 pugnabis
947 1087 1062 1120 amori
1076 1086 1088 1119 ’ἒ

178 1140 215 1173 N
218 1151 257 1173 ec
278 1139 377 1174 venit
397 1140 433 1173 in
453 1143 625 1183 mentem,
648 1151 804 1184 quorum
823 1139 1025 1173 consederis
1045 1139 1139 1173 arvis
1157 1138 1168 1172 ’ἒ

177 1193 277 1226 Hine
296 1193 440 1226 Getulee
458 1193 577 1236 urbes,
598 1205 712 1237 genus
730 1193 972 1237 insuperabile
990 1192 1097 1235 bello,

179 1246 228 1280 Et
248 1246 283 1279 N
288 1246 422 1280 umidae
441 1246 586 1280 infraeni
605 1247 769 1290 cingunt,
792 1249 829 1280 et
848 1245 1032 1289 inhospita
1051 1245 1168 1289 Syrtis
1187 1257 1194 1279 ι

179 1299 278 1332 Hinc
297 1299 440 1332 deserta
459 1299 520 1332 siti
538 1300 648 1343 regio,
670 1299 816 1343 lateque
835 1299 998 1332 furentes

178 1352 325 1386 Barcaei.
386 1351 482 1393 Quid
501 1353 596 1386 bella
614 1352 709 1396 Tyro
727 1352 913 1396 surgentia
931 1352 1060 1395 dicam,

180 1405 424 1449 Germanique
443 1405 560 1439 minas
575 1406 587 1440 2

177 1459 244 1492 Dis
262 1459 430 1503 equidem
449 1458 655 1503 auspicibus
673 1470 764 1502 reor,
787 1460 823 1492 et
842 1458 868 1492 J
870 1470 990 1492 unone
1009 1458 1180 1501 secunde,

177 1511 263 1546 Huc
282 1523 427 1545 cursum
448 1511 575 1546 Iliacas
596 1515 705 1546 vento
723 1511 883 1546 tenuisse
903 1512 1050 1545 carinas.

178 1565 296 1606 Quam
311 1568 354 1598 tu
367 1565 507 1608 urbem,
525 1577 636 1609 soror,
653 1565 748 1599 hane
766 1566 906 1599 cernes!
929 1577 1010 1608 qufe
1030 1577 1174 1609 surgere
1194 1577 1304 1609 regna

177 1618 355 1662 Conjugio
373 1618 440 1652 tali
457 1620 463 1652 !
492 1618 670 1653 Teucrum
689 1618 948 1652 comitantibus
966 1618 1088 1662 armis,

177 1671 318 1705 Punica
336 1683 373 1705 se
393 1672 539 1715 quantis
557 1672 702 1706 attollet
720 1672 833 1715 gloria
850 1671 958 1705 rebus
975 1673 981 1705 ἒ

177 1724 233 1758 Tu
251 1725 359 1758 modo
378 1736 483 1768 posce
502 1725 599 1759 Deos
619 1726 774 1768 veniam,
798 1725 978 1769 sacrisque
996 1725 1124 1768 litatis,

178 1777 334 1822 Indulge
353 1778 522 1821 hospitio,
545 1789 740 1822 causasque
758 1778 903 1812 innecte
922 1778 1090 1812 morandi
1107 1791 1115 1820 ;

178 1829 278 1864 Dum
297 1831 423 1874 pelago
442 1831 595 1864 deszevit
613 1831 729 1865 hiems
748 1834 785 1864 et
804 1842 961 1874 aquosus
981 1830 1106 1873 Orion,

179 1882 439 1927 Quassataeque
458 1887 565 1927 rates,
588 1885 677 1918 dum
695 1895 770 1918 non
789 1884 979 1918 tractabile
999 1883 1169 1917 eoelum.''

230 1937 301 1971 His
321 1937 427 1971 dictis
445 1937 634 1971 incensum
653 1937 816 1971 animum
835 1937 1077 1970 inflammavit
1096 1949 1229 1981 amore,

179 1990 358 2035 Spemque
379 1991 480 2024 dedit
499 1991 619 2024 dubiae
639 1991 767 2033 menti,
789 1991 971 2034 salvitque
990 1990 1176 2034 pudorem.

177 2042 361 2088 Principio
381 2044 532 2078 delubra
551 2044 700 2087 adeunt,
722 2055 919 2087 pacemque
938 2055 1003 2087 per
1020 2055 1099 2077 aras

176 2096 388 2140 Exquirunt
406 2109 412 2131 t
442 2099 605 2131 mactant
624 2097 736 2131 lectas
755 2097 800 2130 de
819 2108 919 2130 more
937 2097 1106 2130 bidentes

177 2149 351 2193 Legiferae
372 2150 504 2193 Cereri,
526 2150 752 2194 Phoeboque,
774 2150 942 2194 patrique
961 2150 1072 2194 Lyceo
1089 2163 1098 2192 ;

176 2201 203 2235 J
204 2203 319 2236 unoni
337 2206 422 2237 ante
441 2215 578 2246 omnes,
600 2204 658 2237 cui
677 2204 796 2237 vincla
810 2203 949 2247 jugalia
967 2215 1071 2237 eurze.

177 2255 262 2298 Ipsa
279 2259 407 2290 tenens
427 2257 558 2291 dextr-a
576 2260 738 2301 pateram
757 2257 998 2301 pulcherrima
1015 2257 1125 2300 Dido,

177 2307 375 2343 Candentis
394 2321 511 2344 vaccze
530 2311 651 2344 media
668 2311 764 2344 inter
781 2321 918 2344 cornua
936 2310 1060 2344 fundit
1077 2323 1086 2352 3

176 2362 254 2395 Aut
274 2365 358 2397 ante
377 2374 439 2397 ora
457 2363 578 2398 Deum
597 2363 749 2408 pingues
769 2364 948 2408 spatiatur
965 2364 1011 2399 ad
1032 2375 1123 2408 aras,

1353 393 1380 413 25

1353 658 1373 678 31
1376 659 1381 676 l

1354 923 1381 943 35

1356 1190 1382 1209 40

1356 1989 1384 2010 55

1358 2255 1386 2277 6⁰
