1559 2584
91 144 141 180 ‹3ss

522 152 708 179 VIRGILH
736 151 970 178 GEORGICA.

195 239 364 283 Addidit,
387 240 578 284 expediam
596 253 604 281 ;
633 251 698 283 pro
718 240 793 283 qua
811 238 988 281 mercede,
1011 250 1160 272 canoros

194 292 369 326 Curetum
389 293 529 326 sonitus
548 292 836 336 crepitantiaque
856 303 928 325 aera
947 295 1093 335 secutae,

193 345 334 379 Dictaeo
353 346 435 380 coeli
454 346 592 390 Regem
610 346 741 390 pavere
760 345 828 378 sub
847 348 963 379 antro.

194 398 287 432 Solae
307 410 517 432 communes
536 401 654 441 natos,
677 398 859 432 consortia
877 400 976 432 tecta

194 451 304 485 Urbis
323 452 471 495 habent,
494 452 707 495 magnisque
727 452 869 495 agitant
889 451 956 484 sub
975 450 1114 494 legibus
1134 463 1254 485 aevum
1272 464 1280 492 3

194 504 242 538 Et
261 505 417 548 patriam
436 505 533 547 solae,
557 508 593 538 et
613 507 728 538 certos
747 504 879 538 novere
898 507 1048 548 penates
1066 517 1073 538 z

194 557 445 602 Venturaeque
463 558 592 591 hiemis
611 569 800 600 memores,
823 559 949 591 aestate
968 557 1130 591 laborem

193 611 454 655 Experiuntur,
478 613 514 644 et
533 611 571 644 in
591 611 753 644 medium
773 610 927 654 quaesita
945 613 1140 654 reponunt.

194 664 366 708 Namque
385 665 466 698 aliae
486 664 586 697 victu
605 664 808 707 invigilant,
834 667 871 697 et
890 664 1027 697 foedere
1046 666 1153 708 pacto

194 717 423 751 Exercentur
441 717 535 761 agris
554 731 560 752 :
589 729 672 761 pars
691 717 788 751 intra
807 720 910 761 septa
929 717 1121 750 domorum

194 770 358 804 Narcissi
376 771 585 814 lacrymam,
608 773 644 804 et
664 771 807 803 lentum
827 770 871 803 de
891 770 1023 803 cortice
1042 770 1183 813 gluten,

193 823 318 857 Prima
336 823 429 857 favis
448 826 591 867 ponunt
610 824 827 857 fundamina
845 836 852 857 ε
881 823 1014 856 deinde
1033 826 1179 857 tenaces

195 876 431 920 Suspendunt
451 888 549 910 ceras
567 890 573 911 :
603 877 697 917 aliae,
718 888 818 920 spem
837 876 969 920 gentis,
992 876 1139 910 adultos

194 929 367 963 Edueunt
387 930 498 963 foetus
517 943 523 964 :
552 930 633 963 aliae
652 930 845 973 purissima
864 929 973 963 mella

196 982 354 1026 Stipant,
377 985 414 1016 et
433 983 573 1026 liquido
594 983 812 1016 distendunt
830 985 975 1016 nectare
995 983 1111 1017 cellas.

194 1035 301 1079 Sunt,
324 1036 457 1080 quibus
475 1037 522 1069 ad
541 1039 663 1080 portas
681 1035 811 1069 cecidit
831 1035 996 1069 custodia
1014 1036 1103 1069 sorti
1121 1049 1128 1077 3

195 1089 314 1133 Inque
334 1089 450 1123 vicem
469 1089 704 1133 speculantur
721 1100 833 1132 aquas
853 1092 890 1122 et
909 1089 1036 1122 nubila
1054 1089 1149 1131 coeli,

194 1142 273 1175 Aut
293 1154 402 1176 onera
420 1143 604 1186 accipiunt
623 1143 849 1185 venientum,
872 1144 937 1175 aut
956 1142 1098 1186 agmine
1118 1144 1215 1176 facto

194 1194 388 1239 Ignavum,
411 1196 526 1238 fucos,
548 1207 657 1239 pecus
676 1207 697 1228 a
715 1195 936 1239 praesepibus
955 1198 1088 1229 arcent.

193 1248 328 1282 Fervet
348 1260 450 1292 OPUS,
472 1249 711 1292 redolentque
730 1249 859 1291 thymo
879 1249 1078 1291 fragrantia
1097 1249 1214 1283 mella.

194 1302 249 1336 Ac
268 1302 394 1344 veluti,
417 1302 526 1335 lentis
546 1302 719 1346 Cyclopes
738 1301 893 1335 fulmina
912 1301 1038 1335 massis

195 1354 317 1396 Quum
337 1358 545 1399 properant,
567 1355 629 1388 alii
646 1355 801 1389 taurinis
820 1354 969 1388 follibus
988 1367 1094 1388 auras

193 1408 401 1452 Accipiunt,
425 1408 658 1452 redduntque
677 1421 684 1450 ;
713 1408 774 1441 alii·
793 1407 986 1441 stridentia
1004 1408 1154 1452 tingunt

195 1462 287 1495 AEra
306 1462 387 1495 lacu
404 1475 412 1503 ;
439 1462 553 1505 gemit
572 1461 750 1505 impositis
768 1461 963 1494 incudibus
983 1461 1099 1495 AEtna
1116 1474 1124 1502 3

195 1514 257 1548 Illi
275 1515 372 1548 inter
391 1526 466 1548 sese
485 1517 618 1559 magna
635 1515 673 1548 vi
691 1514 838 1548 brachia
856 1514 994 1547 tollunt

195 1568 241 1601 In
260 1579 466 1611 numerum,
490 1570 708 1612 versantque
727 1567 847 1601 tenaci
865 1567 1000 1611 forcipe
1020 1568 1158 1602 ferrum
1176 1581 1184 1604 :

195 1621 283 1655 Non
303 1621 420 1664 aliter,
440 1620 484 1665 (si
502 1633 614 1665 parva
631 1621 716 1655 licet
735 1632 949 1664 componere
968 1622 1135 1665 magnis),

196 1674 385 1718 Cecropias
404 1674 552 1708 innatus
572 1686 656 1718 apes
675 1686 776 1708 amor
793 1677 899 1718 urget
918 1674 1089 1718 habendi,

195 1728 350 1761 Munere
370 1739 552 1771 quamque
572 1739 645 1762 suo.
707 1727 923 1761 Grandaevis
942 1728 1075 1771 oppida
1095 1740 1202 1772 cunze,

195 1781 244 1814 Et
263 1781 406 1814 munire
426 1782 541 1824 favos,
564 1784 600 1814 et
620 1781 762 1814 daedala
780 1782 916 1824 fingere
934 1784 1033 1814 tecta
1051 1794 1057 1815 :

195 1835 246 1867 At
266 1835 370 1868 fessae
389 1835 507 1868 inulta
527 1835 691 1867 referunt
711 1846 747 1867 se
767 1837 874 1867 nocte
892 1834 1062 1878 minores,

195 1887 308 1921 Crura
325 1887 454 1931 thymo
474 1888 591 1931 plenae
608 1900 616 1929 ;
645 1890 845 1932 pascuntur
864 1890 901 1921 et
920 1888 1051 1921 arbuta
1069 1888 1214 1932 passim,

195 1941 243 1974 Et
262 1941 407 1984 glaucas
427 1941 563 1983 saliceS,
586 1941 803 1985 casiamque,
825 1952 1042 1985 crocumque
1061 1942 1255 1975 rubentem

194 1994 243 2027 Et
262 1994 435 2038 pinguem
453 1994 583 2037 tiliam,
607 1997 643 2028 et
662 1994 886 2037 ferrugineos
905 1994 1132 2038 hyacinthos.

195 2047 373 2081 Omnibus
392 2059 467 2081 una
486 2047 587 2091 quies
607 2058 769 2091 operum,
791 2047 893 2080 labor
911 2047 1080 2081 omnibus
1098 2059 1203 2081 unus.

195 2101 306 2134 Mane
326 2103 440 2134 ruunt
459 2100 573 2144 portis
591 2114 598 2142 ;
627 2112 809 2144 nusquam
829 2111 931 2134 mora
949 2113 955 2135 z
984 2112 1108 2134 rursus
1128 2101 1272 2134 easdem

195 2153 335 2197 Vesper
353 2154 417 2187 ubi
436 2166 455 2187 e
474 2156 580 2197 pastu
599 2154 747 2187 tandem
768 2153 941 2187 decedere
960 2154 1094 2198 campis

196 2207 411 2249 Admonuit,
434 2210 515 2241 tum
534 2210 632 2240 tecta
651 2209 796 2251 petunt,
817 2209 898 2240 tum
919 2218 1067 2250 corpora
1087 2210 1226 2241 curant.

194 2260 256 2294 Fit
276 2260 429 2303 sonitus,
452 2263 690 2303 mussantque
710 2271 789 2293 oras
808 2262 846 2293 et
863 2260 990 2293 limina
1009 2260 1154 2294 circum.

195 2313 297 2356 Post,
319 2313 383 2346 ubi
398 2313 475 2357 jam
494 2313 665 2347 thalamis
685 2325 722 2346 se
742 2313 985 2356 composuere,
1009 2313 1137 2346 siletur

195 2366 241 2400 In
260 2369 417 2409 noctem,
441 2367 625 2409 fessosque
645 2378 751 2410 sopor
771 2378 857 2399 suus
877 2369 1029 2409 occupat
1049 2369 1159 2400 artus.

194 2420 232 2453 N
235 2431 275 2453 ec
294 2431 379 2452 vero
398 2432 419 2454 a
438 2420 589 2453 stabulis
608 2419 734 2463 pluvia
754 2419 987 2462 impendente
1007 2419 1183 2453 recedunt

1368 237 1405 258 15⁰

1370 502 1406 522 255

1368 768 1405 789 16⁰

1365 1034 1405 1055 155

1367 1300 1404 1326 170

1365 1567 1404 1592 17⁵

1367 1834 1405 1854 18⁰

1367 2098 1406 2119 13³

1368 2364 1406 2385 19⁰
