1528 2569
670 116 804 142 LIBER
835 116 880 142 11.

219 200 318 234 Nam
337 212 430 245 soepe
450 201 605 235 incautis
625 203 830 246 pastoribus
849 201 983 236 excidit
1005 201 1108 246 iguis,

218 253 301 297 Qui,
323 254 452 287 furtim
470 255 596 298 pingui
615 256 773 299 primum
793 255 860 289 sub
880 255 1010 289 cortice
1030 257 1158 297 tectus,

217 306 363 340 Robora
381 308 618 351 comprendit,
641 309 859 352 frondesque
879 308 1022 351 elapsus
1040 307 1079 341 in
1098 308 1191 341 altas

217 359 411 403 Ingentem
431 361 521 394 coelo
541 362 701 394 sonitum
721 361 823 395 dedit
843 375 851 403 ;
878 361 964 395 inde
984 363 1128 394 secutus

218 412 289 446 Per
306 424 425 447 ramos
444 414 572 456 victor,
595 426 732 458 perque
751 415 826 448 alta
845 414 1032 448 cacumina
1051 416 1191 457 regnat,

218 465 267 499 Et
286 468 408 500 totum
426 466 583 501 involvit
603 467 757 501 flammis
776 479 917 510 nemus,
940 470 977 500 et
995 467 1071 500 ruit
1090 469 1206 501 atram

215 519 276 553 Ad
296 519 428 553 eoelum
447 520 548 563 picea
568 532 705 554 crassus
725 521 876 565 caligine
896 521 1031 554 nubem
1047 532 1056 554 t

215 572 422 606 Praesertim
443 573 472 606 si
490 576 687 617 tempestas
706 586 728 607 a
746 574 882 607 vertice
902 574 1014 617 sylvis

215 625 402 669 Incubuit,
425 626 672 670 glomeratque
692 627 810 660 ferens
829 627 996 660 incendia
1014 629 1156 660 ventus.

216 677 299 711 Hoc
316 679 391 721 ubi,
414 690 488 711 non
507 691 528 712 a
548 680 658 722 stirpe
677 680 813 722 valent,
837 691 1010 722 caesaeque
1028 679 1163 712 reverti

216 731 387 774 Possunt,
410 734 521 775 atque
534 724 615 765 ‘ima
635 732 768 765 similes
787 733 1000 765 revirescere
1019 734 1118 765 terra
1136 744 1143 766 :

215 783 352 817 Infelix
373 788 519 828 superat
538 785 634 818 foliis
653 786 807 819 oleaster
826 785 964 819 amaris.

269 837 307 870 N
310 849 349 871 ec
367 837 436 871 tibi
453 840 530 871 tam
548 838 709 882 prudens
728 838 922 883 quisquam
942 837 1158 882 persuadeat
1175 841 1303 872 auctor

215 890 397 924 Tellurem
416 891 532 925 Borea
550 891 705 935 rigidam
724 892 883 935 spirante
903 891 1048 924 moveri.

214 943 316 977 Rura
334 944 417 988 gelu
436 946 518 977 tum
537 945 674 978 claudit
692 945 819 987 hiems,
842 956 907 978 nec
926 944 1061 978 semine
1076 944 1176 988 jacto

215 996 429 1030 Concretam
448 997 587 1041 patitur
605 998 763 1032 radicem
782 998 923 1041 affigere
942 1000 1058 1031 terrae.

215 1049 363 1093 Optima
380 1051 514 1084 vinetis
533 1052 624 1084 satio
644 1054 710 1094 est,
733 1063 847 1095 quum
860 1062 942 1084 vere
961 1050 1109 1084 rubenti

216 1102 379 1137 Candida
400 1104 499 1137 venit
518 1105 606 1147 avis,
629 1105 747 1148 longis
765 1104 881 1138 invisa
900 1104 1056 1137 colubris
1074 1117 1082 1145 ;

215 1156 338 1189 Prima
357 1157 415 1190 vel
434 1158 604 1190 autumni
623 1158 689 1191 sub
710 1158 854 1201 frigora,
878 1169 993 1201 quum
1011 1156 1159 1200 rapidus
1180 1157 1241 1190 Sol

215 1208 393 1243 Nondum
412 1210 568 1243 hiemem
588 1211 767 1254 contingit
787 1210 901 1254 equis,
920 1210 998 1253 jam
1016 1211 1178 1253 praeterit
1198 1213 1311 1245 {estas⁸

215 1262 291 1295 Ver
309 1262 398 1296 adeo
417 1263 539 1297 frondi
557 1275 757 1306 nemorum,
780 1275 843 1297 ver
862 1263 950 1296 utile
970 1263 1081 1306 sylvis
1102 1276 1109 1304 ;

215 1314 311 1348 Vere
331 1318 477 1349 tument
495 1319 614 1359 terrae,
638 1320 674 1350 et
693 1316 865 1360 genitalia
885 1316 1022 1349 semina
1039 1318 1204 1359 poscunt.

215 1368 307 1401 Tum
326 1371 429 1412 pater
448 1370 677 1413 omnipotens
697 1369 875 1403 foecundis
894 1369 1071 1402 imbribus
1091 1369 1225 1402 rEther

215 1420 387 1465 Conjugis
406 1422 443 1454 in
462 1423 640 1465 gremium
659 1423 754 1456 lretae
774 1422 973 1465 descendit,
995 1424 1031 1455 et
1051 1434 1176 1455 onmes

214 1474 372 1518 Magnus
390 1475 468 1518 alit,
490 1487 621 1519 magno
641 1476 860 1509 commixtus
879 1486 1037 1519 corpore,
1063 1478 1187 1511 foetus.

214 1528 308 1561 Avia
326 1531 408 1561 tum
426 1531 597 1562 resonant
617 1529 745 1562 avibus
765 1529 922 1572 virgulta
941 1528 1091 1571 canoris,

214 1580 263 1614 Et
283 1581 464 1615 Venerem
483 1582 589 1615 certis
607 1584 778 1626 repetunt
797 1584 961 1615 armenta
980 1581 1116 1615 diebus.

214 1634 379 1667 Parturit
398 1635 515 1668 almus
534 1647 618 1679 ager
638 1648 646 1676 ;
676 1635 906 1678 Zephyrique
924 1635 1134 1678 tepentibus
1153 1636 1250 1668 auris

213 1686 358 1721 Laxant
376 1700 463 1722 arva
482 1688 582 1722 sinus
603 1701 610 1730 ;
640 1691 785 1732 superat
804 1691 907 1722 tener
922 1688 1089 1721 omnibus
1108 1688 1239 1722 humor
1256 1701 1264 1724 :

214 1740 332 1784 Inque
351 1752 464 1775 novos
484 1742 575 1775 soles
594 1742 731 1775 audent
751 1753 787 1775 se
806 1741 966 1785 germina
985 1744 1069 1775 tuto

214 1793 367 1828 Credere
387 1807 395 1836 ;
423 1806 490 1828 nec
508 1795 641 1828 metuit
659 1789 1059 1839 surgentes'pampinus
1078 1794 1245 1838 Austros,

213 1847 291 1880 Aut
310 1850 433 1881 actum
451 1848 542 1881 coelo
560 1848 700 1892 magnis
719 1847 964 1892 Aquilonibus
982 1847 1135 1880 imbrem
1153 1859 1160 1882 z

214 1899 285 1933 Sed
303 1901 422 1934 trudit
441 1912 612 1945 gemmas,
635 1909 670 1935 et
689 1901 835 1934 frondes
855 1901 1011 1944 explieat
1030 1912 1164 1935 omnes.

214 1952 302 1986 Non
321 1954 410 1987 alios
427 1954 545 1998 prima
563 1954 754 1988 crescentis
769 1954 904 1998 origine
923 1953 1053 1987 mundi

213 2005 383 2040 Illuxisse
402 2007 491 2050 dies,
513 2008 671 2041 aliumve
689 2007 858 2041 habuisse
876 2009 1040 2040 tenorem

214 2058 437 2093 Crediderim
455 2073 462 2094 ι
491 2072 553 2094 ver
571 2060 664 2093 illud
683 2063 760 2094 erat
781 2073 789 2101 ;
817 2071 880 2093 ver
898 2071 1051 2103 magnus
1071 2059 1200 2103 agebat

214 2111 332 2156 Orbis,
360 2115 397 2146 et
416 2113 576 2146 hibernis
594 2113 789 2157 parcebant
808 2112 955 2146 flatibus
975 2112 1063 2145 Euri
1081 2125 1088 2153 ;

214 2165 336 2206 Quum
355 2166 480 2209 primae
498 2167 617 2200 lucem
636 2166 790 2210 pecudes
808 2165 972 2208 hausere,
994 2165 1186 2209 virumque

213 2218 344 2252 Ferrea
362 2219 551 2263 progenies
571 2219 671 2252 duris
690 2221 799 2263 caput
818 2218 952 2251 extulit
971 2218 1079 2262 arvis,

213 2271 461 2316 Immissaeque
479 2273 565 2306 ferae
584 2272 706 2316 sylvis,
728 2275 765 2305 et
784 2271 902 2305 sidera
920 2271 1019 2305 coelo.

214 2325 293 2358 Nec
310 2337 367 2359 res
385 2326 481 2359 huno
499 2329 635 2360 tenerae
653 2328 800 2369 possent
818 2325 974 2368 perferre
993 2324 1165 2367 laborem,

214 2377 253 2412 Si
271 2389 344 2412 non
362 2381 466 2413 tanta
485 2379 586 2423 quies
604 2379 674 2412 iret
692 2378 877 2423 frigusque
896 2378 1123 2421 caloremque

1377 108 1427 142 ,Η

1388 570 1431 591 dno

1388 836 1429 856 315

1383 1367 1426 1388 825

1385 1633 1427 1654 ,130

1384 1898 1425 1918 835

1384 2162 1426 2184 31ίο
