1559 2584
122 97 176 137 40

561 109 745 137 VIRGILH
776 109 830 136 GE
837 108 1008 136 ORGICA.

282 196 394 231 Nunc
411 197 512 231 locus
531 209 701 231 arvorum
719 197 874 240 ingeniis
893 210 902 238 ;
931 208 1013 241 quae
1032 196 1163 231 robora
1184 197 1329 242 cuique,

230 249 320 291 Quis
340 250 450 293 color,
473 253 510 284 et
530 262 612 294 quae
632 250 680 283 sit
699 250 807 283 rebus
826 252 961 283 natura
980 250 1148 285 ferendis.

229 302 401 337 Difficiles
419 303 577 347 primum
596 306 715 346 terrae,
738 303 919 346 collesque
937 303 1100 347 maligni,

230 356 363 390 Tenuis
381 356 446 390 ubi
463 356 601 400 argilla,
617 359 653 390 et
672 356 835 390 dumosis
853 356 1011 390 calculus
1029 356 1137 400 arvis,

230 409 398 443 Palladia
416 410 576 453 gaudent
596 409 700 453 sylva
717 408 853 443 vivacis
872 409 987 443 olivae.

229 462 372 496 Indicio
391 465 458 505 est,
481 465 602 496 tractu
621 473 770 505 surgens
789 462 941 496 oleaster
960 462 1087 495 eodem

230 515 429 558 Plurimus,
452 518 489 548 et
508 515 614 549 strati
632 515 751 548 baccis
770 515 1009 558 sylvestribus
1029 514 1115 558 agri.

230 568 282 602 At
303 580 385 612 quae
404 568 550 612 pinguis
569 568 714 611 humus,
737 568 909 612 dulcique
928 567 1064 612 uligine
1084 568 1181 611 laeta,

231 621 375 665 Quique
394 622 564 665 frequens
582 621 704 655 herbis
724 624 760 655 et
778 621 909 655 fertilis
927 621 1037 655 ubere
1057 632 1217 665 campus,

231 673 384 715 Qualem
403 686 497 719 saepe
517 677 605 708 cava
624 675 760 708 montis
780 674 943 708 convalle
962 674 1120 708 solemus

231 727 425 771 Despicere
451 740 457 762 :
486 727 557 761 huc
577 728 727 761 summis
745 727 940 772 liquuntur
957 728 1110 771 rupibus
1129 738 1265 769 amnes,

231 781 461 825 Felicemque
479 781 634 814 trahunt
653 781 782 814 limum
802 794 810 822 ;
839 781 975 825 quique
995 781 1115 814 editus
1135 781 1281 814 Austro.

231 834 279 867 Et
299 834 431 867 filicem
451 834 571 867 curvis
590 834 745 868 invisam
764 834 880 878 pascit
899 834 1028 867 aratris
1047 847 1055 875 ;

232 887 305 920 Hic
324 887 393 920 tibi
412 887 626 930 praevalidas
645 888 731 920 olim
751 887 941 931 multoque
960 887 1116 920 fluentes

233 940 394 974 Sufficiet
414 940 557 974 Baccho
577 940 671 974 vites
692 953 699 981 3
739 940 797 973 hic
816 940 947 973 fertilis
972 952 1067 983 uvae,

232 993 306 1026 Hic
325 993 443 1026 laticis
461 1006 469 1035 ;
502 993 646 1037 qualem
666 993 800 1037 pateris
819 993 975 1027 libamus
995 995 1032 1026 et
1051 1004 1152 1035 auro,

232 1046 385 1080 Inflavit
405 1058 519 1090 quum
537 1046 683 1090 pinguis
703 1047 793 1080 ebur
812 1046 1021 1090 Tyrrhenus
1040 1046 1086 1079 ad
1106 1057 1199 1090 aras,

233 1099 415 1133 Lancibus
435 1102 472 1133 et
491 1100 621 1143 pandis
640 1099 822 1133 fumantia
840 1099 1027 1132 reddimus
1046 1102 1139 1132 exta.

234 1152 298 1186 Sin
318 1155 482 1186 armenta
500 1153 614 1196 magis
633 1153 798 1186 studium
816 1153 1025 1197 vitulosque
1045 1152 1151 1195 tueri,

234 1206 314 1239 Aut
332 1205 443 1239 foetus
464 1205 601 1248 ovium,
624 1208 688 1239 aut
708 1208 855 1239 urentes
874 1206 973 1239 culta
992 1205 1146 1249 capellas
1166 1217 1176 1246 ;

234 1258 357 1292 Saltus
376 1261 413 1292 et
432 1258 546 1292 saturi
565 1258 681 1302 petito
699 1258 900 1304 longinqua
920 1258 1080 1301 Tarenti,

234 1311 284 1346 Et
304 1312 449 1356 qualem
468 1312 597 1345 infelix
615 1312 736 1345 amisit
755 1312 913 1345 Mantua
932 1323 1112 1355 campum,

234 1364 451 1398 Pascentem
469 1365 594 1398 niveos
608 1365 761 1398 herboso
780 1365 929 1398 flumine
949 1376 1090 1408 cycnos.

234 1417 324 1452 Non
343 1418 474 1462 liquidi
492 1418 660 1462 gregibus
678 1419 810 1461 sontes,
828 1429 903 1451 non
921 1418 1087 1461 gramina
1104 1417 1260 1451 deerunt
1277 1429 1286 1460 3

236 1471 286 1505 Et
306 1474 485 1515 quantum
505 1471 621 1515 longis
641 1474 789 1515 carpent
808 1476 974 1504 armenta
988 1471 1128 1514 diebus,

235 1524 381 1568 Exigua
400 1527 547 1558 tantum
566 1524 707 1568 gelidus
725 1535 784 1558 ros
803 1527 909 1558 nocte
930 1526 1091 1568 reponet.

290 1578 407 1622 Nigra
425 1578 512 1620 fere,
535 1579 572 1611 et
591 1589 712 1621 presso
732 1577 875 1621 pinguis
895 1577 962 1610 sub
980 1588 1138 1620 vomere,
1160 1578 1269 1620 terra,

236 1630 286 1664 Et
306 1631 364 1664 cui
382 1634 488 1675 putre
509 1631 639 1674 solum,
663 1630 834 1675 (namque
853 1631 921 1664 hoc
940 1630 1127 1664 imitamur
1146 1630 1313 1676 arando),

237 1684 385 1728 Optima
404 1684 598 1717 frumentis
616 1696 622 1718 :
651 1696 726 1717 non
745 1684 821 1717 ullo
841 1696 885 1717 ex
906 1695 1052 1728 aequore
1072 1695 1196 1717 cernes

236 1737 350 1771 Plura
369 1738 519 1771 domum
538 1737 653 1771 tardis
674 1737 847 1770 decedere
867 1737 1029 1780 plaustra
1044 1736 1212 1781 juvencis
1229 1749 1238 1778 ;

235 1790 314 1824 Aut
332 1791 431 1824 unde
450 1791 566 1824 iratus
586 1791 727 1834 sylvam
747 1791 895 1823 devexit
914 1793 1047 1833 arator,

237 1843 286 1877 Et
306 1855 454 1877 nemora
472 1843 604 1877 evertit
623 1844 758 1877 multos
776 1844 907 1887 ignava
921 1855 985 1887 per
1003 1854 1129 1886 annos,

234 1896 490 1941 Antiquasque
509 1897 635 1930 domos
654 1897 777 1930 avium
797 1908 880 1930 cum
899 1896 1073 1940 stirpibus
1092 1895 1174 1930 imis

234 1949 343 1984 Eruit
361 1963 368 1985 ε
396 1950 470 1983 illae
489 1950 606 1983 altum
625 1950 722 1983 nidis
741 1950 876 1994 petiere
896 1949 1032 1983 relictis
1049 1961 1057 1985 z

234 2003 286 2037 At
305 2003 406 2037 rudis
425 2003 558 2036 enituit
577 2003 734 2047 impulso
753 2014 897 2036 vomere
917 2014 1076 2046 campus.

234 2056 333 2090 Nam
347 2056 477 2101 jejuna
496 2056 645 2100 quidem
664 2056 790 2089 clivosi
808 2056 928 2100 glarea
942 2056 1035 2089 ruris

233 2109 309 2142 Vix
328 2110 484 2143 humiles
502 2109 630 2153 apibus
649 2109 773 2152 casias,
795 2121 985 2153 roremque
1006 2108 1191 2143 ministrat
1208 2121 1218 2151 ;

232 2162 282 2196 Et
301 2163 435 2206 tophus
456 2163 590 2205 scaber,
613 2165 650 2196 et
670 2162 782 2206 nigris
802 2174 908 2196 exesa
927 2162 1108 2206 chelydris

232 2215 352 2259 Creta,
374 2218 509 2259 negant
528 2216 616 2249 alios
635 2227 738 2260 aeque
758 2216 986 2259 serpentibus
1004 2227 1107 2259 agros

232 2268 387 2302 Dulcem
407 2269 499 2302 ferrc
520 2269 652 2312 cibum,
676 2272 713 2302 et
733 2280 861 2302 curvas
880 2269 1039 2312 praebere
1065 2268 1231 2303 latebras,

232 2320 323 2362 Quae
343 2325 493 2355 tenuem
515 2321 663 2355 exhalat
683 2322 867 2364 nebulam,
889 2322 1084 2366 fumosque
1105 2322 1280 2363 volucres,

231 2373 281 2408 Et
300 2375 394 2409 bibit
413 2375 617 2419 humorem,
640 2376 690 2419 et,
713 2386 828 2420 quum
847 2375 942 2418 vult,
967 2387 1013 2409 ex
1033 2387 1069 2408 se
1089 2375 1166 2419 ipsa
1185 2375 1343 2410 remittit
1358 2387 1368 2418 ;

1407 353 1446 374 180

1408 616 1448 638 185

1410 882 1450 904 190

1412 1148 1451 1169 195

1411 1415 1451 1436 5³0⁰

1410 1681 1453 1703 20³

1412 1947 1454 1969 210

1411 2213 1452 2235 215
