1559 2584
108 81 162 120 38

578 89 764 119 VIRGILII
792 90 947 119 AENEIS.

215 180 338 214 Ausus
358 179 561 224 quinetiam
578 191 685 214 voces
698 180 838 224 jactare
856 192 921 224 per
938 180 1106 215 umbram

215 230 372 277 Implevi
390 232 544 265 clamore
563 232 652 276 vias,
673 235 898 277 moestusque
918 233 1091 267 Creusam

215 285 473 329 Nequiequam
486 284 714 328 ingeminans
727 286 933 330 iterumque
946 286 1153 331 iterumque
1166 286 1304 324 vocavi.

216 338 405 379 Quaerenti
423 340 461 371 et
479 337 587 371 tectis
607 338 707 372 urbis
726 338 802 372 sine
821 338 893 372 fine
912 339 1063 382 furenti,

214 391 353 426 Infelix
372 391 606 424 simulacrum
624 394 735 435 atque
753 391 867 435 ipsius
887 392 1015 425 umbra
1033 392 1179 428 Creiisae

214 443 306 478 Visa
324 443 416 477 mihi
434 447 520 477 ante
539 444 674 487 oculos,
696 446 734 477 et
751 446 841 478 nota
858 444 976 488 major
992 444 1121 489 imago.

215 497 410 540 Obstupui,
431 498 687 540 steteruntque
706 508 830 540 comae,
852 499 890 531 et
907 508 981 530 vox
999 498 1164 532 faucibus
1182 499 1299 534 haesit.

214 549 308 583 Tum
328 550 378 583 sie
396 549 509 592 affari,
532 552 570 583 et
588 561 691 583 curas
708 550 765 583 his
784 550 926 584 demere
945 551 1053 584 dietis
1073 563 1080 585 ε

218 604 244 622 “
261 603 358 643 Quid
376 605 523 636 tantum
540 602 669 637 insano
684 603 792 646 juvat
810 603 999 647 indulgere
1018 603 1147 647 dolori,

215 656 247 690 O
267 655 384 690 duleis
402 655 539 700 conjux
556 655 568 689 2
594 667 669 689 non
688 655 766 689 haee
784 656 862 690 sine
881 657 1031 690 numine
1050 657 1188 691 Divum

214 709 402 743 Eveniunt
423 721 430 743 ε
458 720 525 743 nee
542 711 581 743 te
599 709 770 742 comitem
788 712 931 753 portare
951 709 1122 743 Creusam

214 762 298 805 Fas,
320 765 385 796 aut
403 762 464 795 ille
483 762 571 795 sinit
590 762 711 805 superi
728 765 898 805 regnator
918 762 1075 806 Olympi.

214 814 341 858 Longa
358 815 428 848 tibi
446 815 584 858 exsilia,
606 817 643 848 et
662 817 807 848 vastum
826 815 936 848 maris
956 827 1079 859 aequor
1097 816 1276 851 arandum
1294 829 1302 853 :

215 868 275 901 Ad
294 870 429 901 terram
448 867 665 911 Hesperiam
685 868 818 911 venies,
840 868 904 901 ubi
923 868 1061 912 Lydius
1080 880 1167 903 arva

215 920 320 954 Inter
338 921 458 964 opima
476 921 597 954 virum
615 921 690 954 leni
708 921 790 954 fluit
809 921 952 965 agmine
971 921 1109 965 Tybris.

214 973 297 1008 Illic
314 985 371 1007 res
389 973 498 1017 laetae,
519 984 757 1017 regnumque,
779 976 816 1007 et
835 975 933 1018 regia
951 975 1087 1018 conjux

213 1026 328 1060 Parta
345 1026 414 1060 tibi
432 1039 438 1060 :
466 1027 643 1070 lacrymas
662 1027 805 1060 dilectae
823 1026 916 1070 pelle
935 1026 1089 1061 Creusae.

214 1078 253 1112 Ν
256 1091 302 1113 on
322 1091 387 1123 ego
406 1079 684 1123 Myrmidonum
703 1080 804 1113 sedes
822 1079 1052 1123 Dolopumve
1071 1081 1242 1124 superbas

213 1133 409 1176 Aspiciam,
434 1135 499 1166 aut
519 1132 638 1167 Graiis
657 1132 835 1166 servitum
853 1133 1032 1167 matribus
1051 1133 1124 1177 ibo,

213 1185 406 1228 Dardanis,
427 1188 465 1219 et
483 1185 589 1219 Divae
607 1185 763 1219 Veneris
780 1197 914 1219 nurus:

214 1238 285 1271 Sed
304 1250 362 1271 me
381 1250 514 1282 magna
531 1239 651 1272 Deum
670 1239 829 1282 genitrix
848 1239 904 1272 his
923 1239 1065 1273 detinet
1085 1240 1166 1275 oris.

213 1291 373 1335 Jamque
391 1292 485 1334 vale,
508 1294 545 1325 et
563 1292 643 1325 nati
662 1304 764 1326 serva
782 1293 985 1326 communis
1003 1293 1199 1327 amorem.''

214 1344 307 1378 Haec
325 1344 390 1378 ubi
408 1344 506 1378 dieta
524 1345 639 1388 dedit,
661 1345 923 1389 lacrymantem
942 1348 979 1379 et
998 1346 1116 1380 multa
1134 1347 1318 1383 volentem

212 1397 341 1431 Dicere
361 1397 533 1440 deseruit,
555 1400 756 1442 tenuesque
775 1399 921 1432 recessit
939 1398 978 1432 in
996 1410 1111 1434 auras.

213 1450 283 1483 Ter
301 1452 452 1483 conatus
471 1450 523 1483 ibi
542 1451 633 1484 collo
653 1451 738 1484 dare
758 1451 906 1485 brachia
925 1452 1058 1485 circum
1077 1465 1085 1494 ;

212 1503 282 1536 Ter
298 1503 435 1536 frustra
453 1514 664 1547 comprensa
681 1515 810 1537 manus
829 1504 956 1548 effugit
973 1505 1104 1549 imago,

212 1555 286 1589 Par
303 1555 446 1590 levibus
465 1556 596 1599 ventis,
618 1557 830 1600 volucrique
850 1557 1034 1591 simillima
1052 1569 1187 1593 somno.

266 1608 324 1642 Sic
343 1609 491 1642 demum
506 1609 618 1642 socios
638 1611 855 1654 consumpta
873 1613 979 1643 noete
997 1611 1114 1644 reviso
1132 1624 1139 1646 :

210 1662 336 1705 Atque
356 1661 414 1694 hie
432 1661 618 1705 ingentem
637 1663 811 1696 comitum
831 1663 1011 1696 affluxisse
1031 1675 1209 1698 novorum

210 1713 365 1748 Invenio
384 1715 568 1748 admirans
586 1726 778 1749 numerum
796 1728 805 1757 3
832 1718 1051 1760 matresque,
1072 1716 1254 1763 virosque,

210 1767 409 1801 Colleotam
429 1767 557 1801 exsilio
576 1768 722 1811 pubem,
744 1768 950 1802 miserabile
968 1769 1111 1813 vulgus.

209 1819 385 1864 Undique
406 1821 618 1863 convenere,
641 1821 771 1854 animis
790 1821 993 1866 opibusque
1012 1823 1142 1866 parati,

209 1872 256 1906 In
276 1885 512 1917 quascunque
531 1874 642 1907 velim
661 1874 788 1918 pelago
807 1874 984 1908 deducere
1003 1878 1128 1910 terras.

208 1925 368 1970 Jamque
384 1925 484 1970 jugis
502 1937 654 1960 summae
673 1927 844 1971 surgebat
863 1927 1010 1961 Lucifer
1028 1928 1119 1971 Idae,

207 1978 446 2023 Ducebatque
466 1979 563 2013 diem
580 1993 589 2021 3
617 1980 809 2024 Danaique
829 1980 972 2014 obsessa
990 1981 1166 2015 tenebant

208 2031 352 2065 Limina
371 2035 570 2076 portarum,
594 2044 660 2066 nec
679 2044 761 2076 spes
779 2033 856 2077 opis
875 2034 951 2067 ulla
969 2034 1134 2069 dabatur.

208 2084 319 2129 Cessi,
341 2087 379 2118 et
398 2085 542 2119 sublato
561 2088 724 2119 montem
743 2086 906 2130 genitore
925 2087 1047 2130 petivi.

1381 286 1419 311 77⁰

1383 550 1425 574 77⁶

1383 815 1425 839 780

1383 1081 1426 1106 7⁸⁵

1382 1345 1423 1371 79(

1383 1611 1424 1634 795

1382 1875 1425 1896 800
