1528 2569
651 77 784 103 LIBER
813 76 858 103 11.

205 162 458 206 Avulsumque
476 163 636 197 humeris
654 166 775 208 caput,
797 166 834 197 et
852 164 929 197 sine
943 163 1089 197 nomine
1109 175 1245 207 corpus.

260 216 313 250 At
331 227 388 249 me
407 219 488 250 tum
507 216 664 260 primum
684 228 800 251 saevus
819 217 1058 250 circumstetit
1072 217 1198 251 horror
1214 228 1222 252 ε

209 268 392 312 Obstupui
410 281 417 303 :
446 269 558 302 subiit
577 270 649 303 can⁸
667 270 840 313 genitoris
858 270 989 314 imago,

207 320 260 354 Ut
277 333 397 365 regem
415 333 619 365 aequaevum
638 322 776 355 crudeli
794 323 943 355 vulnere
963 322 1039 356 vidi

209 373 337 407 Vitam
356 374 607 408 exhalantem:
637 375 748 408 subiit
767 375 908 408 deserta
928 375 1074 418 Creusa,

206 426 255 460 Et
275 427 416 470 direpta
435 427 576 470 domus,
600 430 636 460 et
655 428 758 471 parvi
778 439 880 461 casus
899 428 981 462 Iuli.

210 478 377 523 Respicio
394 492 403 521 3
432 482 480 522 et,
504 491 585 523 quae
604 480 650 513 sit
670 492 726 513 me
746 480 878 513 circum
898 480 1010 524 copia,
1032 480 1158 515 lustro.

205 531 404 565 Deseruere
424 544 548 566 omnes
567 532 709 575 defessi,
732 535 768 566 et
788 544 935 576 corpora
954 533 1049 566 saltu

208 585 269 618 Ad
287 587 421 618 terram
440 585 567 618 misere
586 587 651 618 aut
665 585 809 629 ignibus
827 597 922 629 aegra
941 586 1080 619 dedere.

206 637 366 681 Jamque
386 637 475 671 adeo
494 649 601 681 super
619 649 714 671 unus
733 637 842 681 eram,
865 649 978 681 quum
997 638 1123 672 limina
1143 638 1265 672 Vestae

207 689 418 723 Servantem
437 692 473 723 et
495 691 643 723 tacitam
663 693 801 724 secreta
820 691 858 723 in
878 690 961 723 sede
980 691 1157 724 latentem

206 742 413 785 Tyndarida
432 742 564 786 aspicio
582 755 588 776 :
618 743 708 776 dant
728 744 824 777 clara
842 743 1009 776 incendia
1027 743 1145 777 lucem

205 794 365 837 Erranti,
386 796 590 839 passimque
611 796 732 829 oculos
751 807 814 839 per
833 798 963 829 cuncta
981 796 1123 830 ferenti.

207 846 290 889 Illa,
313 847 381 880 sibi
398 848 548 881 infestos
567 860 691 882 eversa
709 849 754 882 ob
774 849 950 891 Pergama
964 849 1131 892 Teucros,

205 899 254 933 Et
272 911 398 944 poenas
416 901 597 944 Danaum,
615 904 651 934 et
671 901 804 935 deserti
823 901 986 945 conjugis
1004 901 1075 934 iras

206 953 455 996 Permetuens,
479 954 596 997 Trojae
615 957 651 987 et
670 954 797 998 patriae
817 954 1017 987 communis
1036 954 1208 999 Erinnys,

206 1005 408 1039 Abdiderat
427 1018 514 1049 sese,
536 1009 647 1050 atque
666 1007 737 1040 aris
755 1007 872 1040 invisa
891 1007 1048 1041 sedebat.

210 1058 386 1092 Exarsere
405 1059 505 1102 ignes
524 1060 644 1093 animo
661 1072 668 1093 :
697 1059 795 1093 subit
813 1060 866 1093 ira
883 1060 1072 1093 cadentem

208 1110 342 1144 Ulcisci
359 1111 525 1154 patriam,
548 1115 585 1145 et
605 1113 793 1145 sceleratas
813 1124 953 1145 sumere
971 1124 1106 1156 poenas¹

211 1165 237 1182 “
251 1163 394 1197 Scilicet
412 1164 490 1198 11666
509 1163 675 1208 Spartam
694 1165 884 1198 incolumis
903 1165 1109 1209 patriasque
1129 1166 1303 1209 Mycenas

208 1217 381 1259 Aspiciet,
403 1220 581 1260 partoque
601 1218 670 1251 ibit
689 1218 814 1261 regina
827 1218 1039 1262 triumpho?

208 1269 496 1313 Conjugiumque
515 1270 747 1314 domumque,
769 1273 890 1314 patres
907 1274 1085 1314 natosque
1098 1271 1249 1315 videbit,

209 1321 367 1355 Iliadum
385 1322 495 1355 turba
513 1325 549 1355 et
569 1322 737 1367 Phrygiis
756 1324 927 1356 comitata
944 1323 1118 1357 ministris
1135 1325 1146 1358 ‘3

208 1374 389 1408 Occiderit
407 1375 501 1408 ferro
521 1375 687 1409 Priamus
702 1376 713 1409 2
768 1376 875 1419 Troja
893 1376 1019 1409 arserit
1037 1377 1113 1420 igni
1130 1377 1142 1410 2

207 1426 434 1460 Dardanium
453 1428 561 1460 toties
580 1429 719 1462 sudarit
739 1429 912 1471 sanguine
931 1429 1063 1462 littus?

208 1478 246 1512 N
249 1491 295 1513 on
310 1479 363 1513 ita
381 1492 387 1513 :
416 1491 575 1523 namque
594 1481 662 1514 etsi
681 1481 824 1514 nullum
843 1482 1076 1515 memorabile
1095 1494 1227 1516 nomen

205 1530 393 1566 Foeminea
411 1532 448 1565 in
467 1536 576 1576 poena
594 1536 661 1576 est,
682 1545 749 1567 nec
767 1533 877 1567 habet
896 1534 1047 1567 victoria
1064 1535 1210 1568 laudem
1228 1549 1235 1577 ;

207 1583 434 1618 Exstinxisse
453 1586 554 1619 nefas
572 1590 710 1629 tamen,
733 1589 769 1619 et
785 1587 977 1630 sumpsisse
996 1588 1169 1621 merentis

205 1636 399 1671 Laudabor
417 1650 542 1682 peenas
559 1652 567 1680 ;
595 1639 829 1683 animumque
847 1640 1005 1683 explesse
1020 1640 1167 1683 juvabit

206 1689 357 1723 Ultricis
376 1691 542 1734 flammae,
565 1694 601 1725 et
621 1692 757 1725 cineres
776 1693 924 1725 satiasse
943 1704 1116 1726 meorum.
1125 1692 1144 1709 '²

208 1742 308 1776 Talia
322 1743 519 1786 jactabam,
542 1747 579 1777 et
597 1742 730 1778 furiata
748 1747 870 1778 mente
888 1745 1040 1788 ferebar,

209 1794 330 1835 Quum
350 1796 440 1828 mihi
459 1808 508 1839 se,
531 1808 604 1829 non
623 1799 708 1830 ante
728 1797 840 1830 oculis
859 1800 936 1830 tam
955 1798 1062 1840 clara,
1084 1798 1280 1832 videndam

210 1847 367 1890 Obtulit,
391 1851 427 1881 et
443 1851 533 1891 pura
552 1861 615 1892 per
634 1852 778 1882 noctem
798 1849 836 1883 in
856 1850 935 1882 luce
954 1850 1099 1883 refulsit

207 1899 317 1933 Alma
335 1912 476 1944 parens,
498 1902 660 1935 confessa
678 1902 806 1944 Deam,
828 1902 1017 1945 qualisque
1035 1903 1153 1936 videri

209 1952 388 1986 Coelicolis
407 1956 444 1986 et
464 1957 603 1997 quanta
622 1954 714 1987 solet
732 1968 739 1995 3
769 1954 972 1998 dextraque
992 1955 1211 1999 prehensum

209 2004 415 2048 Continuit,
437 2018 612 2050 roseoque
631 2007 708 2040 haec
727 2007 875 2051 insuper
893 2007 1037 2041 addidit
1056 2020 1116 2042 ore
1135 2021 1141 2042 ε

212 2058 237 2075 “
251 2057 362 2101 Nate,
385 2059 466 2102 quis
486 2059 682 2092 indomitas
700 2062 827 2093 tantus
847 2060 950 2093 dolor
969 2060 1104 2094 excitat
1123 2060 1221 2095 iras?

210 2109 307 2150 Quid
328 2111 419 2144 furis
438 2112 449 2144 2
477 2114 542 2145 aut
562 2123 720 2156 quonam
739 2113 855 2145 nostri
873 2113 942 2146 tibi
961 2124 1047 2146 cura
1065 2114 1211 2147 recessit
1228 2113 1240 2148 3

209 2162 296 2196 Non
314 2163 414 2206 prius
433 2165 594 2208 aspicies,
616 2165 680 2198 ubi
699 2166 834 2198 fessum
853 2168 960 2198 aetate
980 2169 1170 2210 parentem

208 2214 373 2259 Liqueris
392 2217 574 2250 Anchisen
593 2217 605 2250 2
632 2220 776 2261 superet
796 2218 979 2261 conjuxne
1000 2218 1146 2261 Creusa,

208 2267 457 2312 Ascaniusque
476 2281 565 2313 puer
583 2269 594 2303 2
622 2281 713 2313 quos
732 2281 857 2303 omnes
875 2271 1038 2315 undique
1058 2271 1178 2305 Graiae

209 2319 352 2354 Circum
370 2325 493 2356 errant
511 2323 605 2357 acies
624 2335 633 2364 3
661 2325 710 2366 et,
733 2325 771 2356 ni
789 2334 870 2359 mea
889 2335 974 2358 cura
991 2324 1148 2367 resistat,

1227 2382 1246 2405 6
1270 2373 1290 2405 3

1356 67 1408 105 33

1369 266 1411 288 5⁶0

1369 530 1411 551 565

1367 793 1411 817 871)

1368 1058 1410 1081 575

1370 1321 1413 1343 580

1372 1586 1415 1606 585

1374 1850 1416 1870 590

1374 2112 1416 2134 ⁶9⁵
