1559 2584
89 75 167 111 104

562 85 749 113 VIRGILII
778 86 934 114 AENEIS.

192 174 231 208 Ν
233 185 272 208 00
290 173 365 208 vim
383 174 458 208 tela
475 174 620 209 ferunt:
648 174 734 208 lieet
753 174 881 218 ingens
894 173 1035 219 janitor
1052 177 1159 210 antro

193 226 391 261 AEternum
409 227 546 261 latrans
565 239 765 271 exsangues
783 230 917 261 terreat
935 228 1081 262 umbras
1090 241 1100 271 ;

194 280 302 313 Casta
319 280 404 314 licet
421 280 543 324 patrui
561 283 680 314 servet
700 280 917 324 Proserpina
935 281 1056 316 limen.

193 331 321 366 Troius
341 332 490 376 AEneas,
512 332 648 377 pietate
667 332 819 377 insignis
838 336 875 367 et
893 333 1014 377 armis,

192 385 252 419 Ad
270 385 471 429 genitorem
491 385 581 419 imas
600 386 709 420 Erebi
728 386 915 420 descendit
934 386 981 420 ad
999 386 1155 421 umbras.

195 437 234 471 Si
252 440 289 471 te
309 438 411 472 nulla
429 441 553 472 movet
572 441 688 473 tantae
706 439 854 483 pietatis
872 439 1003 483 imago,

193 490 245 524 At
263 502 406 524 ramum
424 491 723 536 hunc’'—aperit
740 503 883 526 ramum
903 492 967 537 qui
985 495 1085 526 veste
1104 492 1299 526 latmi*—

198 544 223 561 “
239 543 268 576 A
274 544 464 587 gnoscas.''
522 545 679 578 Tumida
697 556 743 578 ex
761 545 817 579 ira
835 548 916 579 tum
936 545 1044 579 corda
1060 546 1248 580 residunt:

194 596 233 629 N
235 607 274 630 ec
292 597 397 641 plura
415 597 481 631 his.
543 597 611 631 Ille
631 598 813 632 admirans
832 598 1039 632 venerabile
1059 597 1196 632 donum

196 649 333 683 Fatalis
353 650 477 694 virgae‚
499 650 609 695 longo
628 654 711 695 post
729 653 892 695 tempore
913 650 1042 694 visum,

195 701 398 737 Coeruleam
416 703 576 737 advertit
594 704 757 748 puppim,
779 705 939 748 ripaeque
958 703 1188 748 propinquat.

195 755 288 789 Inde
308 756 395 789 alias
414 757 563 800 animas,
590 769 672 801 quae
692 769 756 801 per
772 757 860 802 juga
878 758 987 801 longa
1006 757 1194 801 sedebant,

194 808 389 852 Deturbat‚
411 809 586 854 laxatque
606 811 722 852 f0r0s3
751 811 860 844 simul
879 811 1009 854 accipit
1028 810 1131 844 alveo

195 861 390 905 Ingentem
410 862 575 897 AEnean:
604 863 744 907 gemuit
763 864 831 897 sub
849 864 1009 907 pondere
1029 863 1158 907 cymba

197 913 336 958 Sutilis,
359 918 396 948 et
415 916 569 949 multam
589 916 728 960 accepit
746 916 879 950 rimosa
897 917 1078 960 paludem.

197 967 359 1001 Tandem
377 970 479 1002 trans
499 969 652 1002 fluvium
671 969 871 1003 incolumes
890 972 1085 1015 vatemque
1108 969 1299 1015 virumque

198 1020 353 1054 Informi
371 1020 458 1055 limo
478 1022 678 1065 glaucaque
698 1022 847 1065 exponit
865 1022 903 1055 in
922 1023 1019 1056 ulva.

199 1073 374 1107 Cerberus
393 1074 470 1107 haec
489 1074 617 1118 ingens
634 1075 773 1108 latratu
791 1086 903 1119 regna
921 1075 1067 1109 trifauci

198 1127 390 1170 Personat,
413 1127 564 1161 adverso
583 1127 759 1161 recubans
777 1127 947 1161 immanis
966 1128 1003 1161 in
1024 1130 1139 1162 antro.

199 1179 266 1214 Cui
285 1183 399 1224 vates,
422 1180 567 1215 horrere
586 1180 714 1215 videns
730 1180 808 1225 jam
828 1181 918 1215 colla
938 1181 1106 1225 colubris,

197 1233 310 1270 Melle
329 1237 534 1280 soporatam
554 1237 591 1271 et
609 1235 799 1269 medicatis
815 1235 981 1280 frugibus
1001 1235 1109 1270 offam

199 1289 355 1334 Objicit:
383 1290 457 1334 ille,
479 1291 574 1324 fame
593 1291 720 1325 rabida
739 1290 810 1325 tria
829 1293 981 1334 guttura
999 1289 1175 1335 pandens,

200 1342 357 1387 Corripit
377 1343 571 1388 objectam,
595 1346 706 1388 atque
726 1345 898 1378 immania
917 1346 1020 1387 terga
1037 1343 1188 1377 resolvit

199 1396 319 1430 Fusus
338 1396 452 1440 humi,
474 1399 628 1441 totoque
647 1398 774 1441 ingens
793 1397 1007 1431 extenditur
1025 1398 1140 1431 antro.

200 1449 363 1493 Occupat
382 1450 520 1483 AEneas
539 1451 694 1494 aditum,
717 1451 866 1484 custode
885 1450 1040 1494 sepulto,

200 1503 408 1547 Evaditque
428 1503 522 1536 celer
539 1504 654 1547 ripam
674 1503 908 1537 irremeabilis
931 1502 1051 1538 undae.

201 1555 384 1590 Continuo
404 1557 539 1590 auditae
558 1568 675 1599 voceS‚
698 1557 842 1600 vagitus
861 1559 897 1590 et
916 1556 1056 1600 ingenS,

201 1608 467 1654 Infantumque
487 1610 617 1644 animae
637 1610 765 1643 flentes
783 1609 821 1642 in
841 1609 965 1643 limine
984 1608 1122 1652 1111111ος

202 1662 301 1704 Quos
320 1663 436 1697 dulcis
457 1663 542 1697 vitae
562 1665 734 1706 exsortes,
758 1665 794 1696 et
814 1662 859 1696 ab
877 1662 987 1696 ubere
1006 1664 1129 1705 raptos

201 1716 368 1751 Abstulit
388 1719 466 1750 atra
486 1716 574 1759 dies,
597 1718 634 1749 et
652 1716 779 1750 funere
798 1715 924 1749 mersit
943 1714 1080 1748 acerbo.

203 1769 284 1803 Hos
299 1769 411 1813 juxta
429 1769 520 1802 falso
540 1769 703 1802 damnati
723 1769 871 1802 crimine
888 1768 1024 1801 mortis.

202 1822 242 1856 N
244 1834 284 1856 ec
302 1834 387 1856 vero
406 1822 464 1856 hae
485 1822 561 1855 sine
581 1825 676 1855 sorte
697 1822 805 1864 datae,
828 1821 904 1855 sine
920 1820 1056 1865 judice,
1080 1820 1192 1854 sedes·

204 1875 386 1916 Quaesitor
405 1875 527 1909 Minos
546 1886 675 1908 urnam
695 1877 837 1909 movet:
866 1874 928 1908 i'zle
947 1873 1121 1907 silentum

205 1929 482 1972 Conciliumque
501 1931 618 1971 vocat,
641 1928 809 1971 vitasque
828 1931 865 1962 013
886 1927 1036 1960 crimina
1055 1925 1172 1959 discit.

204 1981 379 2016 Proxima
396 1981 530 2015 deinde
548 1983 677 2015 tenent
696 1981 818 2014 moesti
836 1981 926 2023 loca,
949 1979 1013 2024 qui
1032 1979 1101 2012 sibi
1118 1978 1235 2012 letum

205 2034 376 2068 Insontes
394 2035 564 2079 peperere
583 2046 707 2077 manu,
729 2035 920 2077 lucemque
938 2032 1057 2077 perosi

206 2087 397 2131 Projecere
416 2088 563 2122 animas.
626 2087 744 2128 Quam
764 2087 901 2120 vellent
920 2086 1055 2119 {ethere
1074 2085 1112 2118 in
1132 2084 1207 2117 alto

209 2140 321 2174 Nunc
340 2143 377 2174 et
396 2141 605 2184 pauperiem
626 2143 664 2174 et
683 2140 794 2173 duros
812 2140 968 2184 perferre
986 2138 1126 2172 labores
1145 2138 1152 2171 !

207 2192 279 2227 Fas
298 2193 432 2237 obstat,
453 2194 624 2238 tristique
643 2194 748 2238 palus
767 2192 972 2226 inamabilis
991 2190 1091 2225 unda

207 2246 361 2290 Alligat‚
383 2249 420 2280 013
438 2246 564 2280 novies
584 2246 677 2291 Styx
695 2246 875 2280 interfusa
893 2247 1040 2278 coercet.

207 2298 288 2333 Nec
306 2299 431 2343 procul
450 2299 535 2334 hinc
553 2303 693 2344 partem
712 2299 784 2332 fusi
802 2299 1055 2332 monstrantur
1073 2295 1110 2330 in
1130 2304 1275 2330 omnem

208 2351 393 2397 Lugentes
411 2351 529 2398 campi
547 2365 553 2388 :
582 2352 633 2387 sic
651 2352 732 2386 illos
751 2351 897 2386 nominc
916 2350 1056 2385 dicunt.

1365 170 1407 193 41⁸0

1367 435 1409 456 405

1367 700 1410 721 410

1369 966 1410 987 415

1373 1231 1416 1251 ⁴20

1377 1497 1419 1517 425

1378 1761 1420 1782 ⁴:1⁰

1380 2026 1421 2046 435

1380 2289 1422 2310 -ΗΟ
