1528 2569
621 75 755 104 Lmsn
785 74 876 103 vm.
1331 66 1412 104 143

210 164 382 199 Lernaeus
400 164 509 198 turba
528 164 688 208 capitum
707 163 948 197 circumstetit
967 162 1105 207 anguis.
1373 162 1413 182 ³⁰⁴¹

211 218 329 261 Salve,
352 229 438 251 vera
457 217 483 251 J
486 218 563 251 ovis
583 217 711 261 proles,
736 217 848 250 decus
866 216 992 250 addite
1012 216 1116 250 Divis
1134 227 1142 257 ;

211 270 260 304 Et
279 281 357 313 nos,
379 272 417 303 et
435 273 501 303 tua
519 270 650 304 dexter
667 269 727 303 adi
747 269 838 313 pede
858 281 956 302 sacra
976 268 1204 303 secundo-

212 323 313 356 Talia
331 323 551 357 carminibus
570 322 753 356 cclebrant
772 335 780 363 ;
810 333 917 365 super
935 322 1057 355 omnia
1076 321 1159 354 Caci

213 375 431 419 Speluncam
449 375 640 420 adjiciunt,
665 375 936 418 spirantemque
956 375 1100 418 ignibus
1120 375 1247 418 ipsum.

214 428 398 462 Consonat
418 439 524 462 omne
543 439 671 461 nemus
691 428 856 471 strepitu,
881 427 1062 471 collesque
1080 427 1270 461 resultant.
1377 424 1417 444 Ἢ·

266 481 362 514 Exin
381 492 418 514 se
438 481 560 514 cuncti
577 480 710 514 divinis
729 481 836 513 rebus
855 480 900 513 ad
919 481 1047 513 urbem

214 533 392 568 Pei-fectis
411 534 574 567 referunt
593 547 600 568 ε
628 534 705 566 ibat
723 544 787 566 rex
809 532 949 566 obsitus
968 544 1059 576 aevo,

213 587 264 621 Et
282 587 450 620 comitem
470 586 615 620 AEnean
639 586 751 630 juxta
769 589 971 629 natumque
989 585 1139 618 tenebat

214 639 438 683 Ingrediens,
461 640 634 683 varioque
652 639 749 672 viam
769 650 932 672 sermone
951 638 1105 671 levabat.

216 692 387 735 linatur,
410 692 606 735 facilesque
626 691 748 724 oculos
767 691 838 724 fert
858 691 979 724 omnia
999 691 1132 724 circum
1379 687 1418 708 ³¹¹·

217 745 367 788 AEneas,
390 744 603 788 capiturque
621 744 719 786 locis,
744 746 782 777 et
801 744 944 787 singula
961 743 1069 776 laetus

215 798 460 842 Exquiritque
480 797 656 841 auditque
675 797 794 830 virum
814 798 1052 829 monumenta
1070 796 1241 840 priorum.

216 851 310 884 Tum
328 862 393 884 rex
410 850 616 892 Evandrus,
639 849 818 883 Romanae
838 849 1005 882 conditor
1023 849 1113 882 arcis
1133 861 1140 883 ε

220 905 246 922 “
261 903 353 937 Haec
371 915 519 936 nemora
536 902 718 946 indigenae
736 902 856 935 Fauni
874 901 1132 946 Nymphaeque
1150 901 1338 945 tenebant,

220 957 392 1000 Gensque
414 956 532 990 virum
549 955 690 989 truncis
705 957 742 988 et
761 955 852 988 duro
871 955 999 988 robore
1014 957 1102 988 nata
1123 967 1129 988 :
1380 952 1419 972 ³¹³³

218 1009 328 1051 Queis
347 1020 466 1053 neque
486 1020 576 1051 mOS,
598 1020 717 1052 neque
738 1008 860 1041 cultus
881 1010 977 1042 erat:
1006 1019 1072 1041 nec
1087 1007 1243 1052 jungere
1263 1010 1398 1050 tauros,

220 1065 298 1096 Aut
317 1073 529 1106 componere
549 1072 634 1105 opes
653 1061 797 1103 nerant,
820 1063 885 1094 aut
903 1072 1048 1104 parcere
1067 1064 1171 1104 parto
1189 1074 1197 1102 ;

220 1115 291 1149 Sed
309 1115 410 1157 rami,
435 1118 546 1158 atque
566 1126 668 1158 asper
689 1114 787 1147 victu
807 1117 961 1147 venatus
980 1113 1109 1147 alebat.

219 1167 368 1202 Primus
395 1167 441 1201 ab
460 1168 618 1201 aethereo
637 1167 738 1200 venit
759 1167 938 1200 Saturnus
958 1166 1124 1210 Olympo,

220 1224 334 1255 Arma
352 1221 378 1254 J
380 1221 456 1254 ovis
475 1220 630 1264 fugiens,
653 1222 689 1253 et
708 1220 828 1263 regnis
848 1219 953 1253 exsul
973 1219 1152 1263 ademptis
1173 1232 1179 1254 :
1384 1216 1424 1236 ³²⁰

220 1274 258 1308 Is
277 1285 391 1318 genus
410 1273 566 1307 indocile
586 1284 626 1306 ac
646 1273 849 1316 dispersum
867 1272 1054 1306 montibus
1073 1272 1158 1305 altis

221 1327 445 1371 Composuit,
467 1326 634 1370 legesque
653 1325 755 1358 dedit
773 1339 780 1367 ;
809 1325 1030 1368 Latiumque
1051 1325 1172 1358 vocari

220 1380 368 1422 Malujt‚
390 1379 447 1412 his
466 1380 638 1422 quoniam
655 1378 821 1411 latuisset
839 1380 944 1411 tutus
962 1378 1000 1411 in
1020 1378 1099 1412 oris.

220 1434 354 1476 Aurea,
377 1444 459 1476 quae
478 1432 682 1476 perhibent,
704 1431 767 1464 illo
786 1431 853 1464 sub
868 1442 950 1474 rege
968 1431 1119 1464 fuerunt

221 1486 361 1519 Saecula
372 1499 380 1527 3
413 1485 463 1518 sic
482 1485 626 1528 placid-a
645 1484 798 1528 populos
817 1482 857 1517 in
876 1495 963 1527 pace
981 1484 1129 1527 regebat
1151 1496 1158 1518 :
1385 1481 1426 1500 ³²⁵

220 1539 388 1572 Deterior
406 1538 520 1572 donec
539 1538 716 1582 paulatim
735 1549 777 1570 ac
795 1537 940 1570 decolor
958 1539 1059 1579 aetas,

223 1592 272 1625 Et·
291 1592 378 1625 belli
397 1591 524 1633 rabies,
549 1593 586 1624 et
605 1601 705 1624 amor
725 1590 894 1623 successit
913 1589 1081 1624 habendi.

221 1645 314 1678 Tum
332 1655 462 1678 manus
482 1643 664 1686 Ausoniae,
689 1646 726 1676 et
745 1646 872 1687 gentes
890 1643 1020 1676 venere
1041 1643 1199 1684 Sicanae3

221 1697 361 1742 Saepius
380 1700 416 1730 et
435 1708 569 1730 nomen
588 1696 710 1740 posuit
730 1695 901 1729 Saturnia
919 1696 1038 1729 tellus.

223 1751 315 1784 Tum
333 1761 445 1793 reges,
467 1760 641 1793 asperque
660 1748 811 1782 immani
831 1759 977 1791 corpore
997 1748 1127 1792 Tybris
1147 1761 1156 1789 ;
1387 1745 1429 1766 ³³⁰

222 1804 256 1837 A
276 1814 348 1846 quo
367 1806 449 1846 post
468 1802 555 1835 Itali
574 1802 726 1834 fluvium
747 1801 959 1844 cognomine
980 1801 1117 1844 Tybrin

222 1856 392 1890 Diximus
409 1868 418 1896 ;
446 1855 568 1888 amisit
587 1865 714 1887 verum
736 1858 839 1886 vetus
861 1853 995 1887 Albula
1013 1865 1156 1888 nomen.

221 1909 286 1942 {Me
303 1909 449 1952 pulsum
469 1908 600 1951 patria,
623 1907 812 1951 pelagique
832 1909 995 1940 extrema
1014 1909 1240 1950 sequentem,

222 1962 389 1996 Fortuna
409 1961 639 2004 omnipotens
659 1963 695 1992 et
714 1959 946 1993 ineluctabile
965 1960 1083 1992 fatum

224 2014 296 2048 His
315 2014 467 2058 posuere
487 2014 574 2047 locis
594 2026 602 2053 3
631 2013 831 2056 matrisque
851 2013 953 2055 egere
972 2011 1163 2045 tremenda

226 2067 431 2101 Carmentis
452 2066 639 2110 Nymphae
658 2066 810 2108 monita,
834 2068 870 2098 et
890 2065 990 2098 Deus
1009 2068 1135 2098 auctor
1154 2064 1324 2108 Apollo.”

221 2120 298 2154 Vix
316 2131 358 2154 ea
377 2120 475 2153 dicta
492 2133 498 2153 t
528 2119 659 2152 dehinc
678 2129 884 2162 progressus
903 2120 1084 2151 monstrat
1103 2120 1140 2150 et
1155 2129 1264 2159 aram,

221 2173 271 2206 Et
293 2173 553 2207 Carmentalem
573 2172 740 2205 Romano
759 2172 906 2204 nomine
925 2173 1080 2214 portam,

223 2226 340 2266 Quam
361 2228 564 2259 memorant
585 2225 622 2257 N
625 2224 771 2268 ylnphae
790 2224 947 2267 priscum
968 2223 1172 2257 Carmentis
1191 2223 1365 2257 honorem

222 2278 329 2311 Vatis
343 2278 501 2312 fatidicae
516 2292 523 2319 ;
552 2277 684 2311 cecinit
699 2288 781 2321 (guae
800 2277 917 2321 prima
936 2277 1080 2310 futuros
1391 2274 1426 2293 ³¹*

225 2331 409 2365 AEneadas
429 2342 590 2375 magnos,
614 2333 650 2363 et
671 2330 791 2363 nobile
812 2329 1052 2363 Pallanteum.
