1528 2569
627 110 763 138 menn
792 109 852 136 Χῖ.
1334 99 1412 137 199

208 196 332 242 Atque
350 197 430 231 haee
447 207 580 242 pompa.
598 197 749 232 domum
767 209 838 241 me,
860 208 935 230 non
954 195 1135 240 Pallanta,
1156 196 1308 231 referret
1326 198 1334 232 Ξ

209 250 247 284 N
249 261 289 284 66
307 261 372 284 vos
391 251 585 294 arguerim,
607 250 748 293 Teucri,
770 261 837 284 1166
854 249 1005 292 foedera,
1026 261 1093 283 nec
1112 261 1202 293 quas

205 302 232 336 J
234 302 408 336 unximus
426 303 585 346 hospitio
605 303 754 336 dextras
775 315 782 337 z
812 314 887 336 sors
905 302 977 335 ista
995 304 1150 335 senectae
1377 300 1415 321 ¹⁶⁵

205 355 340 389 Debita
361 358 439 388 erat
458 358 604 389 nostrae.
666 355 774 396 Quod
795 355 825 388 si
843 355 1039 388 immatura
1057 354 1230 389 manebat

206 407 309 441 Mors
327 410 458 441 natum
477 421 486 449 ;
515 408 616 441 caesis
635 407 852 441 Volscorum
869 407 1031 441 millibus
1050 409 1148 451 ante,

206 460 412 493 Ducentem
432 460 580 494 Latium
600 460 756 494 Teucros
776 460 945 494 cecidisse
961 460 1116 503 juvabit.

207 511 305 553 Qu'm
325 524 390 556 ego
409 524 485 546 11011
503 513 574 546 alio
594 513 722 556 digner
740 515 777 546 te
796 513 936 555 funere,
960 513 1075 555 Paua,

206 564 325 606 Quam
343 565 424 609 pius
444 566 594 609 AEneas,
617 568 654 599 et
673 577 784 609 quam
802 565 926 609 magni
944 565 1120 609 Phyges,
1142 567 1180 599 et
1199 576 1310 609 quam
1380 562 1419 585 ¹⁷⁰

206 617 456 661 Tyrrhenique
475 618 597 661 duces,
619 619 848 662 Tyrrhenum
866 618 1046 651 exercitus
1064 617 1191 652 omnis.

206 669 344 714 Magna
361 673 500 714 tropaea
517 671 653 714 ferunt,
677 683 768 715 quos
787 671 852 704 dat
870 673 937 704 tua
956 671 1106 703 dextera
1124 670 1198 704 leto
1217 683 1224 705 :

207 722 263 756 Tu
282 734 428 767 quoque
447 735 545 756 nunc
565 726 678 756 stares
697 723 866 756 immanis
884 726 1037 756 'truncus
1056 723 1094 755 111
1114 723 1236 766 armis,

207 774 313 808 Esset
331 787 397 819 par
415 778 516 818 aetas,
539 778 576 808 et
594 775 692 809 idem
712 776 742 808 si
760 776 872 809 robur
890 775 935 808 ab
953 775 1071 817 annis,

206 827 336 861 Turne.
397 827 467 861 Sed
486 828 615 861 infelix
635 828 789 861 Teucros
809 827 898 871 quid
917 827 1084 860 demoror
1102 827 1212 861 armis
1229 827 1241 862 Ζ
1381 825 1420 849 17⁵

207 878 356 923 Vadite,
378 882 416 914 et
434 880 513 914 haec
530 891 707 913 memores
724 880 800 924 regi
819 879 992 913 mandata
1010 880 1141 913 referte
1159 892 1167 914 z

210 933 221 951 ‘
235 932 340 973 Quod
360 933 475 967 vitam
494 944 614 966 moror
632 933 801 975 invisam,
825 933 992 965 Pallante
1011 935 1212 976 perempto,

207 985 369 1019 Dextera
388 997 495 1020 causa
512 988 578 1019 tua
597 988 652 1019 est
669 999 677 1027 ;
707 985 871 1019 Turnum
890 987 1074 1028 gnatoque
1093 985 1261 1029 patrique

208 1037 327 1078 Quam
346 1038 476 1072 debere
493 1038 615 1072 vides:
644 1038 783 1071 meritis
802 1040 908 1071 vacat
926 1037 985 1070 hic
1003 1037 1073 1070 tibi
1091 1038 1189 1071 solus

209 1090 457 1134 Fortunaeque
476 1090 585 1124 locus,
647 1091 734 1124 Non
753 1091 840 1124 vitae
859 1090 991 1134 gaudia
1011 1101 1135 1134 quaero
1151 1102 1161 1132 ;
1382 1088 1422 1109 ¹⁸⁰

208 1142 247 1176 N
249 1155 289 1177 66
308 1144 362 1176 fas
381 1155 388 1177 ;
417 1144 481 1176 sed
500 1146 588 1177 nato
608 1144 738 1176 Manes
757 1143 914 1187 perferre
934 1143 1001 1176 sub
1020 1143 1138 1177 imos.'
1153 1142 1174 1160 ''

261 1196 405 1229 Aurora
422 1195 561 1229 interea
579 1196 719 1229 miseris
737 1195 950 1229 mortalibus
969 1195 1102 1229 almam

209 1245 403 1282 Extulerat
421 1249 553 1292 lucem,
575 1249 734 1282 referens
753 1260 861 1292 opera
879 1251 990 1292 atque
1009 1248 1157 1282 labores.

210 1300 237 1334 J
239 1312 297 1334 am
316 1303 420 1344 pater
439 1301 589 1345 AEneas‚
607 1301 685 1345 jam
705 1313 813 1335 curve
831 1301 871 1334 in
889 1301 1013 1334 littore
1032 1300 1168 1334 Tarcho

211 1353 441 1387 Constituere
460 1365 569 1398 pyras
587 1367 593 1388 :
622 1354 694 1387 huc
713 1365 860 1397 corpora
879 1353 1032 1397 quisque
1052 1365 1200 1387 suorum
1383 1350 1423 1371 ¹²²⁵

209 1406 314 1440 More
333 1407 449 1440 tulere
468 1410 615 1450 patrum
635 1419 643 1448 3
672 1406 918 1450 subjectisque
936 1406 1081 1449 ignibus
1099 1406 1189 1440 atris

211 1458 390 1492 Conditur
408 1459 447 1492 111
465 1459 634 1492 tenebras
653 1459 770 1493 altum
789 1459 940 1502 caligine
960 1458 1102 1493 coelum.

209 1511 278 1544 Ter
297 1512 433 1545 circum
451 1523 631 1553 acceDSOS,
653 1511 765 1546 cincti
782 1511 1009 1555 fulgentibus
1029 1511 1151 1555 armis,

210 1563 409 1598 Decurrere
428 1575 532 1608 rogos
551 1577 559 1606 ;
587 1566 644 1598 ter
661 1567 835 1598 moestum
853 1563 992 1597 funeris
1008 1563 1140 1608 ignem.

210 1616 427 1651 Lustravere
445 1617 484 1650 in
504 1617 619 1661 equis,
640 1617 877 1661 ululatusque
896 1628 956 1650 ore
975 1616 1107 1651 dedere
1125 1629 1132 1651 :
1386 1614 1426 1634 ¹⁹⁰

212 1669 402 1713 Spargitur
421 1672 458 1703 et
476 1670 587 1703 tellus
605 1670 788 1714 lacrymis,
810 1671 1030 1713 sparguntur
1049 1672 1086 1703 615
1105 1681 1215 1703 arma.

212 1722 250 1755 It
269 1723 361 1756 coelo
381 1722 586 1766 clamorque
606 1723 738 1766 virum,
761 1722 979 1766 clangorque
998 1722 1180 1756 tubarum.

213 1774 313 1808 Hinc
333 1775 395 1808 alii
414 1775 529 1819 spolia
548 1775 674 1809 occisis
693 1775 843 1819 derepta
861 1775 1011 1808 Latinis,

213 1826 424 1872 Oonjiciunt
441 1828 520 1871 igni
535 1840 544 1870 ς
572 1828 705 1872 galeas,
726 1838 901 1871 ensesque
919 1827 1080 1871 decoros,

212 1878 429 1925 Fraenaque,
448 1879 705 1925 ferventesque
723 1881 821 1914 rotas
840 1892 849 1915 :
876 1891 972 1924 pam,
992 1890 1144 1914 munera
1161 1881 1262 1924 nota,
1388 1877 1426 1897 ¹⁹5

211 1932 382 1978 Ipsorum
399 1932 558 1978 clypeos,
578 1934 618 1968 et
635 1943 710 1968 non
726 1932 847 1967 felicia
863 1932 949 1969 tela.

213 1983 338 2020 Multa
354 1985 468 2020 boum
486 1984 580 2020 cirea
596 1987 806 2021 mactantur
825 1995 974 2031 corpora
992 1983 1107 2021 Morti
1125 1998 1135 2029 ς

212 2036 467 2083 8615ῑ3610611116
486 2049 581 2081 sues,
601 2040 799 2084 raptasque
817 2049 863 2074 ex
880 2038 1052 2073 omnibus
1070 2037 1165 2084 agris

213 2090 260 2126 In
279 2091 463 2126 flammam
477 2089 653 2136 jugulant
671 2090 837 2135 pecudes,
899 2090 993 2125 Tum
1010 2090 1137 2126 littore
1153 2092 1234 2125 toto

215 2142 400 2179 Ardentes
417 2145 586 2188 spectant
604 2143 732 2188 socios,
752 2142 998 2188 semiustaque
1017 2145 1167 2179 servant
1388 2140 1429 2161 ²¹⁰

214 2194 334 2230 Busta
350 2208 361 2238 ς
388 2206 508 2240 neque
527 2195 636 2231 avelli
653 2199 820 2242 possunt,
840 2206 916 2231 nox
932 2195 1086 2230 humida
1102 2196 1218 2231 donec

216 2246 376 2282 Invertit
394 2248 528 2283 eoelum
546 2248 663 2283 stellis
680 2246 907 2293 fulgentibus
924 2251 1066 2293 aptum.

269 2300 308 2334 N
309 2312 350 2335 66
368 2301 490 2335 minus
509 2302 548 2336 615
564 2301 687 2336 miseri
706 2300 852 2336 diversa
868 2300 908 2335 in
926 2303 1030 2346 parte
1048 2301 1171 2336 Latini

218 2352 436 2388 Innumeras
454 2353 620 2390 struxere
638 2365 748 2400 pyras
762 2365 773 2397 3
799 2357 838 2389 et
856 2364 1006 2399 corpora
1022 2353 1156 2400 partim
