1528 2569
650 78 783 106 LIBER
813 79 870 106 IV.

187 185 192 188 ·
210 167 302 203 Haec
318 169 401 202 tum
417 167 613 212 multiplici
632 167 784 211 populos
803 178 967 201 sermone
985 167 1153 212 replebat

211 221 395 264 Gaudens,
417 223 454 254 et
472 221 608 265 pariter
626 221 723 254 facta
741 222 852 265 atque
870 221 1006 254 infecta
1024 221 1178 256 canebat
1197 232 1206 257 :

210 274 364 308 Venisse
383 274 530 307 AEnean
547 273 704 318 Trojano
722 285 744 307 a
761 273 935 318 sanguine
953 276 1105 316 cretum,

212 327 280 361 Cui
298 338 336 361 se
354 327 506 371 pulchra
524 326 602 360 viro
621 327 793 371 dignetur
806 327 962 371 jungere
981 326 1079 360 Dido
1100 340 1107 367 ;

212 379 250 413 N
252 391 324 414 unc
341 380 498 413 hiemem
517 380 615 413 inter
633 391 670 413 se
689 380 793 422 luxu,
815 391 926 424 quam
945 379 1066 424 longa,
1087 380 1224 424 fovere,

210 433 422 477 Regnorum
439 433 667 466 immemores
684 433 857 477 turpique
877 433 1045 477 cupidine
1065 435 1198 476 captos.

211 486 305 520 Haec
322 486 456 530 passim
474 486 553 520 Dea
570 486 670 519 foeda
686 486 806 520 virum
824 485 998 519 diffundit
1016 486 1055 519 in
1074 497 1146 520 ora.

211 539 387 573 Protinus
406 539 453 573 ad
471 551 591 583 regem
611 550 736 572 cursus
754 539 948 583 detorquet
967 538 1112 581 Iarban,

211 592 456 636 Incenditque
475 593 639 626 animum
658 592 776 635 dictis,
799 594 909 636 atque
928 594 1075 635 aggerat
1093 592 1173 625 iras.

265 645 339 679 Hic
357 646 537 678 Ammone
556 648 668 687 satus,
689 647 796 688 rapt-51,
816 644 1076 678 Garamantide
1096 644 1293 688 Nympha,

213 694 368 742 Templa
379 697 406 731 J
408 698 468 731 ovi
486 700 635 731 centum
653 697 737 730 latis
755 697 928 731 immania
946 697 1078 740 regnis,

213 751 370 785 Centum
389 762 466 784 ara-s
485 750 619 794 po.÷uit,
641 750 861 794 vigilemque
881 752 1082 784 sacraverat
1100 749 1235 793 ignem,

211 804 391 838 Excubias
410 804 548 837 Divum
567 812 734 846 aeternas,
756 803 1011 847 pecudumque
1031 814 1157 836 cruore

211 857 354 901 Pingue
373 857 503 900 solum,
526 858 562 889 et
581 856 690 891 variis
705 856 872 890 florentia
890 856 1017 890 limina
1036 855 1150 890 sertis.

211 910 335 954 Isque,
357 921 482 943 amens
501 909 613 943 animi
632 911 668 943 et
686 921 831 943 rumore
850 921 1022 943 accen-{us
1041 920 1177 951 amaro,

211 963 357 998 Dicitur
375 965 460 996 ante
481 974 572 1006 aras,
594 962 714 996 media
732 962 830 996 inter
848 961 1002 995 numina
1020 961 1172 1004 Divum,

212 1017 336 1050 Multa
354 1015 381 1049 J
382 1028 487 1050 ovem
506 1015 673 1049 manibus
693 1016 846 1059 supplex
865 1017 984 1049 orasse
1003 1015 1142 1058 supinis
1163 1026 1171 1049 :

216 1071 242 1089 “
254 1069 402 1113 Jupiter
420 1069 661 1113 omnipotenS,
684 1068 743 1102 cui
760 1080 859 1102 nuuc
878 1068 1068 1102 Maurusia
1085 1067 1192 1111 pictis

214 1123 313 1156 Gens
331 1122 478 1166 epulata
495 1122 585 1156 toris
603 1121 777 1155 Lenaeum
795 1122 887 1155 libat
905 1121 1092 1163 honorem,

213 1176 355 1220 Aspicis
373 1175 451 1209 haec
466 1175 477 1208 2
504 1186 551 1208 an
569 1177 618 1218 te,
640 1175 795 1218 genitor,
818 1186 933 1218 quum
951 1174 1107 1208 fulmina
1125 1176 1286 1217 torques„

213 1229 470 1273 Nequicquam
488 1228 676 1262 horremus
691 1228 703 1261 2
730 1227 886 1272 caecique
905 1227 944 1261 in
962 1227 1122 1260 nubibus
1140 1227 1241 1270 ignes

214 1282 427 1316 Terrificant
446 1281 597 1323 animos,
620 1283 657 1314 et
674 1281 798 1314 inania
816 1292 1005 1314 murmura
1022 1280 1175 1313 miscent
1192 1280 1201 1313 ‚2

213 1335 392 1377 Foemina,
415 1345 497 1378 quae
516 1334 650 1367 nostris
669 1345 791 1367 errans
809 1334 847 1367 in
867 1333 1001 1367 finibus
1019 1333 1148 1366 urbem

213 1388 396 1432 Exiguam
413 1387 530 1431 pretio
548 1387 670 1431 posuit
687 1400 695 1428 ;
724 1387 783 1420 cui
800 1387 907 1420 littus
926 1386 1117 1429 arandum,

215 1442 355 1486 Cuique
373 1441 443 1474 loci
460 1440 557 1484 leges
577 1439 743 1473 dedimus
760 1453 768 1481 ;
797 1439 978 1473 connubia
996 1442 1120 1472 nostra

214 1494 380 1538 Repulit,
402 1505 444 1527 ac
462 1493 652 1526 dominum
672 1492 817 1525 AEnean
836 1493 875 1526 in
893 1503 1004 1536 regna
1022 1491 1170 1536 recepit,

213 1548 263 1581 Et
281 1558 379 1581 nunc
397 1546 458 1580 isse
478 1546 581 1579 Paris
600 1557 683 1579 cum
702 1545 870 1579 semiviro
890 1546 1077 1587 comitatu,

213 1600 375 1635 Maeonia
392 1602 559 1633 mentum
576 1599 688 1632 mitra
706 1599 915 1643 crinemque
933 1598 1143 1632 madentem

215 1654 420 1696 Subnexm,
441 1655 546 1696 rapto
566 1652 706 1696 potitur
722 1665 731 1694 ;
759 1664 825 1685 nos
843 1663 995 1685 munera
1013 1651 1159 1695 templis
1176 1653 1187 1663 '

215 1707 357 1751 Quippe
374 1706 449 1740 tuis
468 1705 630 1748 ferimus,
651 1705 860 1749 famamque
879 1706 1044 1739 fovemus
1063 1702 1247 1738 inanem.'’

268 1759 415 1793 Talibus
434 1761 599 1792 orantem
618 1758 736 1800 dictis,
758 1770 910 1802 arasque
928 1760 1130 1800 tenentem,

214 1813 346 1846 Audiit
364 1811 591 1855 omnipotens
608 1823 616 1851 ;
644 1811 838 1854 oculosque
857 1811 904 1844 ad
922 1811 1057 1844 mcenia
1075 1809 1181 1843 torsit

215 1866 344 1910 Regia,
366 1867 403 1898 et
423 1864 554 1898 oblitos
573 1863 679 1897 famae
697 1864 856 1897 melioris
875 1866 1048 1898 amantes.

215 1919 310 1953 Tum
329 1919 380 1952 sic
398 1917 624 1950 Mercurium
644 1916 857 1960 alloquitur,
879 1929 921 1951 ac
939 1916 1027 1950 talia
1045 1914 1196 1949 mandat
1214 1927 1221 1949 :

219 1974 245 1991 “
258 1971 363 2006 Vade
383 1982 460 2014 age,
481 1972 580 2012 nate,
602 1980 691 2003 voca
710 1969 907 2013 Zephyros,
930 1972 967 2003 et
986 1969 1106 2003 labere
1125 1967 1255 2012 pennis
1273 1980 1282 2008 ;

215 2025 517 2067 Dardaniumque
537 2022 679 2065 ducem,
702 2022 812 2067 Tyria
832 2023 1050 2066 Carthagine
1070 2022 1134 2066 qui
1152 2031 1251 2054 nunc

216 2079 410 2123 Expectat,
433 2076 592 2119 fatisque
613 2075 717 2109 datas
736 2088 810 2109 non
825 2076 971 2120 respicit
991 2075 1111 2118 urbes,

216 2132 426 2176 Alloquere‚
450 2132 486 2162 et
506 2129 637 2162 celeres
656 2128 759 2162 defer
777 2141 858 2162 mea
878 2129 976 2163 dicta
993 2140 1058 2173 per
1076 2138 1191 2162 auras.

216 2184 256 2218 N
257 2196 304 2218 on
323 2184 429 2217 illum
447 2181 552 2216 nobis
571 2181 730 2225 genitrix
750 2182 994 2226 pulcherrima
1011 2181 1124 2215 talem

215 2237 403 2279 Promisit,
427 2235 653 2278 Graifinnme
671 2235 753 2269 ideo
773 2235 829 2269 bis
847 2235 1011 2269 vindicat
1030 2234 1139 2268 armis
1157 2246 1164 2268 :

217 2290 290 2324 Sed
308 2290 399 2332 fore,
421 2288 485 2332 qui
504 2287 693 2332 gravidam
713 2287 873 2333 imperiis
891 2289 1061 2332 belloque
1080 2288 1297 2321 fremcntem

218 2343 366 2377 Italiam
384 2343 537 2386 regeret,
559 2352 674 2385 genus
692 2341 768 2375 alto
787 2353 808 2375 a
827 2341 1003 2386 sanguine
1021 2340 1150 2375 Teucri

1366 72 1412 110 01

1379 218 1420 240 190

1380 483 1420 505 195

1380 1011 1422 1032 215

1383 1276 1425 1297 210

1385 1540 1425 1561 215

1385 1805 1428 1826 220

1391 2334 1433 2355 230
