1528 2569
649 146 822 174 ECLOGA
851 148 915 174 111.
1414 138 1439 175 6

126 231 165 268 N
167 245 217 276 66,
240 233 270 267 si
288 234 499 267 muneribus
519 236 644 278 661163,
668 235 840 269 concedat
860 235 965 269 Iolas.

125 286 224 329 Heu,
246 287 329 330 heu,
353 287 442 331 quid
461 287 560 320 volui
579 288 709 321 misero
728 288 818 321 mihi
838 290 844 322 ἔ
874 287 1023 321 fioribus
1041 286 1234 328 Austrum,

126 339 311 382 Perditus,
334 342 370 372 et
389 339 541 383 liquidis
559 341 694 374 immisi
713 341 875 374 fontibus
894 352 1007 384 apros.

126 391 243 432 Quem
263 392 370 435 fugis,
392 393 438 425 ah
457 393 633 426 (1611161132
664 391 878 427 habitarunt
898 393 937 426 di
956 405 1100 437 quoque
1116 393 1248 437 sylvas,
1414 389 1441 410 ⁶⁰

126 445 406 488 Dardaniusque
426 445 539 480 Paris.
600 446 734 489 Pallas,
757 458 847 490 quas
867 446 1043 489 condidit,
1075 457 1173 480 arces

126 498 209 541 Ipsa
229 498 324 531 colat
344 510 351 532 :
379 498 482 531 nobis
501 499 668 542 placeant
687 502 772 532 ante
791 499 913 532 omnia
932 499 1057 543 sylvae.

126 550 243 584 Torva
261 551 377 583 leaena
395 551 523 594 lupum
544 552 729 595 sequitur;
765 552 874 595 lupus
892 551 967 595 ipse
987 551 1161 596 capellam
1178 564 1187 594 ς

126 603 337 636 Florentem
357 604 513 646 cytisum
532 605 699 647 sequitur
717 605 850 638 lasciva
869 605 1006 648 capella
1026 618 1033 646 3

1413 653 1442 674 ets

125 655 174 688 Te
195 655 374 699 Corydon,
398 668 418 689 o
437 657 547 689 Alexi
565 669 571 690 :
599 657 713 690 trahit
733 668 798 690 sua
818 668 999 701 quemque
1018 657 1196 700 voluptas.

125 708 294 751 Adspice,
317 710 436 741 aratra
450 709 540 752 jugo
558 709 721 742 referunt
741 721 914 753 suspensa
928 709 1089 753 juvenci,

125 760 174 794 Et
197 761 250 794 sol
270 764 468 794 crescentes
488 762 664 795 decedens
684 762 847 806 duplicat
866 763 1012 796 umbras
1030 775 1037 797 :

126 813 190 847 Me
210 817 335 847 tamen
353 814 428 847 urit
447 826 547 848 amor
566 828 574 856 ;
603 815 684 859 quis
704 815 801 848 enim
820 815 951 849 modus
970 815 1065 849 adsit
1084 812 1195 849 amori
1212 812 1226 850 3

124 866 185 900 Ah
204 866 384 910 Corydon,
408 867 589 911 Corydon,
612 879 693 912 quae
712 870 750 901 16
769 868 953 902 dementia
973 869 1070 913 cepit
1086 870 1094 903 l

125 919 353 963 Semiputata
371 920 439 953 tibi
458 921 630 954 frondosa
648 921 734 954 vitis
753 921 792 954 in
811 921 911 955 ulmo
931 923 994 955 est.
1413 916 1440 941 ⁷⁰

125 971 222 1013 Quin
244 975 286 1005 tu
305 973 444 1016 aliquid
465 973 604 1017 saltem,
626 974 749 1018 potius
768 985 924 1018 quorum
943 974 1084 1020 indiget
1101 984 1203 1019 usu-J,

124 1024 333 1058 Vim'mibus
352 1026 526 1070 mollique
545 1038 650 1070 paras
670 1027 839 1061 detexere
854 1027 995 1071 junco?

125 1077 294 1112 Invenies
313 1079 437 1123 alium,
460 1080 491 1113 si
509 1082 546 1113 te
564 1080 624 1114 hic
642 1080 800 1124 fastidit,
823 1080 969 1116 Alexin.

453 1331 651 1365 ECLOGA
678 1331 1084 1370 111.-PALAEMON
1084 1361 1093 1370 .

413 1426 567 1450 MENALO
573 1427 622 1451 AS.
683 1427 879 1453 DAMOETAS.
939 1429 1140 1455 PALAEMON.

175 1487 280 1521 ΜΕΝ.
314 1486 387 1519 Dm
406 1487 508 1529 mihi,
531 1487 714 1530 Damoeta,
738 1487 863 1531 cujum
881 1499 990 1532 pecus
1006 1489 1017 1523 2
1045 1502 1092 1524 an
1112 1490 1306 1526 Meliboei?

174 1540 275 1573 ΒΑΜ.
310 1539 397 1572 Non
415 1552 422 1580 ;
451 1551 577 1573 verum
603 1540 752 1583 AEgonis
773 1551 779 1574 :
808 1552 925 1584 nuper
942 1542 1033 1576 mihi
1051 1544 1206 1577 tradidit
1226 1544 1359 1589 AEgon.

175 1593 280 1626 ΜΕΝ.
315 1592 451 1625 Infelix
470 1604 490 1626 o
514 1605 666 1636 semper,
689 1604 785 1634 oveS,
808 1605 918 1636 pecus
938 1596 944 1628 !
975 1595 1050 1638 ipse
1070 1596 1109 1629 N
1111 1608 1242 1631 caeram

121 1645 220 1680 Dum
240 1646 352 1688 fovet,
375 1656 426 1688 ac,
445 1657 490 1678 ne
510 1658 567 1678 me
587 1646 655 1679 sibi
674 1646 844 1689 praeferat
862 1647 936 1690 11111,
955 1651 1112 1693 veretur,

121 1699 195 1732 Hic
214 1699 352 1732 alienus
373 1709 458 1731 oves
477 1702 597 1732 custos
616 1698 672 1732 bis
690 1699 831 1742 mulget
849 1700 888 1732 in
908 1700 997 1735 hora
1015 1714 1024 1743 3
1423 1701 1438 1723 ὅ

122 1751 171 1785 Ε1
190 1762 316 1785 31166113
335 1751 466 1794 pecori,
489 1754 526 1785 61
544 1752 600 1785 lac
619 1751 836 1785 subducitur
854 1753 964 1796 agnis.

175 1804 276 1838 ΒΑΜ.
312 1803 462 1836 Parcius
480 1804 551 1838 ista
570 1804 655 1838 viris
674 1807 798 1837 tamen
818 1805 1022 1849 objicienda
1040 1811 1233 1843 memento.

122 1856 303 1891 Novimus
323 1858 359 1889 et
379 1857 442 1899 qui
460 1860 510 1900 te,
533 1860 738 1891 transversa
756 1858 947 1892 tuentibus
966 1859 1086 1905 hircis,

123 1909 172 1943 Et
193 1922 265 1953 quo
286 1909 362 1955 (sed
381 1909 504 1943 faciles
524 1910 708 1954 Nymphae
727 1909 850 1956 risere)
871 1912 1011 1946 sacello.

176 1963 279 1996 ΜΕΝ.
314 1963 418 2004 Τ11111,
441 1963 558 2006 credo,
581 1975 694 2006 quum
713 1973 770 1996 me
790 1964 980 1998 arbustum
998 1965 1121 2000 videre
1140 1967 1309 2011 Miconis,
1412 1967 1437 1988 ¹⁰

123 2016 245 2059 Atque
265 2016 362 2049 11111111,
383 2015 475 2048 vites
493 2015 650 2049 incidere
669 2016 760 2049 falce
780 2017 950 2051 novellas.

176 2068 276 2102 DAM.
311 2069 390 2102 Aut
409 2067 468 2101 hic
487 2069 529 2101 ad
552 2071 692 2102 veteres
712 2069 824 2114 fagos,
848 2082 962 2114 quum
981 2071 1187 2115 Daphnidis
1205 2085 1329 2107 arcum

123 2120 279 2164 Fregisti
297 2124 334 2154 et
354 2121 508 2155 calamos
527 2134 536 2162 3
565 2133 647 2165 quae
666 2124 720 2164 tn,
743 2134 909 2166 perverse
929 2123 1109 2169 Menalca,

124 2173 183 2216 Et,
206 2185 319 2218 quum
338 2174 465 2208 vidisti
482 2186 594 2217 puero
614 2174 760 2219 donata,
783 2175 930 2209 dolebas
949 2189 957 2217 3

123 2226 184 2269 Et,
207 2227 237 2259 si
268 2238 342 2260 non
362 2228 485 2270 aliqua
503 2227 693 2273 nocuisses,
718 2230 884 2262 mortuus
903 2240 1006 2263 esses.
1412 2232 1436 2252 ¹⁵

178 2279 281 2313 MEN.
317 2279 413 2320 Quid
434 2279 572 2313 domini
590 2280 736 2323 faciant,
762 2281 901 2314 audent
920 2294 1034 2325 quum
1052 2283 1140 2317 talia
1163 2284 1262 2318 fures
1278 2284 1292 2320 ‘f

123 2331 209 2365 Non
231 2343 295 2375 ego
315 2335 351 2366 16
371 2333 447 2366 vidi
467 2332 653 2375 Damonis,
684 2334 849 2377 pessime,
873 2346 1020 2378 caprum

124 2383 299 2428 Excipere
318 2385 470 2429 insidiis,
490 2386 649 2419 inultum
668 2386 825 2421 latrante
844 2387 977 2431 lycisca
994 2387 1006 2421 2
