1559 2584
123 97 203 134 184

593 104 781 132 VIRGILII
811 103 967 131 AENEIS.

226 192 389 228 Advolat
410 206 418 234 3
445 192 546 226 haud
565 192 636 225 alia
656 195 711 225 est
730 191 845 225 Turni
863 191 1046 225 venientis
1064 190 1192 235 imago.

281 247 393 280 Hunc
412 245 476 279 ubi
494 245 709 289 contiguum
727 244 846 278 missae
865 245 942 277 fore
962 244 1116 278 credidit
1135 245 1260 287 hastre,

229 299 288 334 Ire
307 299 405 343 prior
425 298 559 340 Pallas,
583 298 613 331 si
633 309 706 342 qua
724 298 798 330 fors
817 297 970 341 adjuvet
989 308 1118 330 ausum

228 351 381 386 Viribus
399 351 599 395 imparibus
617 363 624 392 3
652 361 900 394 magnumque
919 350 971 383 ita
990 349 1035 383 ad
1056 350 1192 384 aethera
1210 351 1309 384 fatur
1325 361 1333 385 .·

232 408 258 423 “
272 406 343 438 Per
361 405 474 448 patris
493 403 705 446 hospitium,
728 406 765 436 et
784 415 927 436 mensas
946 414 1036 446 quas
1055 403 1196 437 advena
1215 403 1334 445 adisti,

230 458 280 492 Te
300 469 436 502 precor,
459 457 600 499 Alcide,
622 457 750 500 coeptis
770 456 980 499 ingentibus
999 456 1096 490 adsis
1114 469 1121 491 ε

230 511 391 545 Cernant
411 510 582 544 semineci
601 510 669 543 sibi
688 521 745 542 me
764 521 890 553 rapere
909 520 1009 543 arma
1027 512 1189 552 cruenta,

231 563 493 607 Victoremque
512 564 631 597 ferant
650 562 844 595 morientia
862 562 1005 595 lumina
1023 562 1173 596 Turni.'’

231 617 363 652 Audiit
384 616 530 650 Alcides
546 616 732 660 juvenem,
757 627 1002 659 magnumque
1023 615 1090 648 sub
1109 616 1182 649 imo

233 671 349 704 Corde
369 670 502 714 premit
520 669 710 713 gemitum,
732 669 983 712 lacrymasque
1002 668 1132 701 effudit
1151 669 1286 702 inanes.

233 723 326 758 Tum
347 723 491 767 genitor
509 724 637 756 natum
657 721 765 755 dictis
784 722 916 755 affatur
935 721 1059 755 amicis
1077 734 1084 755 ι

236 778 262 795 “
278 777 359 810 Stat
378 788 444 810 sua
463 775 593 819 cuique
613 775 689 808 dies
711 788 718 816 3
746 775 856 808 breve
875 777 912 808 et
932 774 1163 818 irreparabile
1182 777 1328 818 tempus

234 829 414 863 Omnibus
434 831 488 862 est
508 829 593 862 vitre
613 842 620 869 3
649 828 712 861 sed
733 829 867 861 famam
887 828 1082 861 extendere
1102 828 1220 870 factis,

235 882 319 916 Hoc
336 882 486 916 virtutis
505 893 605 926 opus.
667 881 784 925 Trojae
805 881 872 914 sub
892 881 1073 914 moenibus
1092 881 1176 914 altis

237 936 307 969 Tot
326 936 406 969 nati
424 935 583 969 cecidere
603 934 722 967 Deum
741 948 747 969 ε
778 934 867 978 quin
888 935 1020 967 oceidit
1039 946 1113 967 una

237 988 436 1032 Sarpedon,
459 999 540 1021 mea
558 987 747 1031 progenies
766 999 772 1021 1
802 988 912 1020 etiam
933 999 999 1020 sua
1017 987 1181 1020 Turnum

237 1042 254 1074 }
270 1045 330 1075 ata
350 1044 494 1080 vocant,
517 1043 705 1084 metasque
725 1040 802 1073 dati
821 1041 988 1083 pervenit
1007 1040 1054 1073 ad
1074 1039 1180 1073 aevi.’'

238 1095 296 1129 Sic
316 1094 386 1134 ait;
415 1097 525 1137 atque
545 1093 667 1126 oculos
687 1093 911 1126 Rutulorum
930 1093 1048 1137 rejicit
1066 1092 1170 1126 arvis.

239 1149 292 1182 At
313 1147 433 1180 Pallas
452 1146 593 1190 magnis
613 1146 750 1179 emittit
771 1146 908 1179 viribus
927 1146 1082 1188 hastam,

238 1200 458 1244 Vaginaque
478 1201 567 1233 cava
586 1199 789 1243 fulgentem
809 1199 936 1242 diripit
955 1211 1087 1232 ensem.

240 1253 311 1287 Illa
331 1254 470 1295 volans,
492 1252 653 1286 humeris
673 1255 828 1296 surgunt
848 1264 921 1296 qua
940 1253 1102 1296 tegmina
1122 1263 1276 1295 summa,

239 1306 378 1340 Incidit
400 1319 407 1347 3
436 1309 559 1350 atque,
583 1306 680 1339 viam
700 1305 816 1349 clypei
835 1306 963 1339 molita
982 1318 1046 1349 per
1065 1317 1156 1347 oras,

241 1360 405 1393 Tandem
426 1359 535 1392 etiam
555 1370 687 1403 magno
707 1359 855 1392 strinxit
875 1359 920 1392 de
940 1370 1086 1402 corpore
1106 1358 1234 1392 Turni.

243 1412 317 1446 Hic
338 1413 481 1446 Turnus
500 1414 595 1445 ferro
615 1412 807 1456 praefixum
826 1413 938 1445 robur
957 1414 1065 1446 acuto

242 1466 288 1499 111
310 1466 479 1499 Pallanta
499 1466 563 1498 diu
582 1465 719 1498 librans
743 1466 843 1509 jacit,
867 1468 978 1509 atque
997 1465 1050 1499 ita
1063 1466 1163 1499 fatur
1180 1477 1187 1499 ι

245 1521 272 1537 “
288 1519 428 1562 Aspice,
452 1530 542 1551 1111111
562 1530 665 1561 mage
685 1519 732 1551 sit
752 1521 917 1551 nsffltrum
936 1518 1158 1562 penetrabile
1178 1517 1330 1551 t:lum.'’

242 1571 397 1606 Dixerat
418 1585 425 1612 3
454 1574 492 1605 at
512 1571 691 1614 clypeum,
713 1574 770 1604 tot
790 1572 875 1604 ferri
894 1574 1007 1615 terga,
1029 1574 1087 1605 tot
1107 1571 1199 1614 aeris,

244 1626 366 1666 Quum
386 1625 490 1668 pellis
509 1625 644 1657 totiens
664 1625 770 1658 obeat
790 1625 1012 1658 circumdata
1030 1625 1137 1667 tauri,

243 1678 417 1711 Vibranti
435 1678 597 1710 medium
618 1678 736 1721 cuspis
755 1678 1026 1711 tr:uisve1·berat
1045 1678 1134 1720 ictu,

244 1730 456 1774 Loricaeque
475 1742 594 1764 moras
614 1734 651 1764 et
666 1734 791 1774 pectus
811 1732 971 1774 pei-forat
990 1731 1125 1775 ingens.

244 1784 313 1818 Ille
332 1785 427 1828 rapit
446 1783 605 1817 calidum
624 1784 760 1817 frustra
779 1784 824 1817 de
843 1784 993 1817 vulnere
1012 1785 1129 1817 telum
1149 1797 1156 1818 ε

245 1837 332 1870 Una
352 1837 552 1880 eademque
573 1837 632 1870 via
651 1837 796 1881 sanguis
816 1838 1031 1881 animusque
1052 1840 1265 1882 sequuntur.

247 1891 392 1924 Corruit
412 1891 449 1923 in
471 1890 605 1923 vulnus
625 1903 630 1924 :
661 1892 821 1923 sonitum
842 1902 950 1934 super
967 1902 1067 1924 arma
1086 1891 1216 1924 dedere
1236 1904 1241 1925 :

244 1943 295 1978 Et
313 1947 448 1977 terram
467 1943 637 1976 hostilem
656 1944 813 1977 moriens
831 1944 925 1988 petit
944 1956 1004 1977 ore
1025 1947 1183 1978 cruento.

247 1999 365 2037 Quem
385 1997 529 2030 Turnus
548 2008 657 2041 super
675 1997 845 2030 assistens
867 2010 873 2031 :

249 2052 275 2068 “
290 2050 450 2083 Arcades
469 2049 582 2092 haec‚”
603 2050 737 2094 inquit,
773 2052 797 2068 ‘⁴
811 2062 988 2084 memores
1006 2062 1087 2084 mea
1105 2050 1203 2084 dicta
1223 2050 1355 2084 referte

246 2103 420 2137 Evandro
440 2115 447 2137 :
476 2103 622 2146 qualem
640 2104 786 2146 meruit,
808 2103 980 2137 Pallanta
996 2104 1153 2137 remitto.

246 2156 421 2200 Quisquis
439 2155 554 2189 honos
573 2157 718 2198 tumuli,
744 2157 917 2201 quicquid
938 2157 1097 2191 solamen
1116 2156 1293 2190 humandi
1313 2160 1381 2200 est,

245 2209 396 2253 Largior
416 2222 422 2243 :
451 2209 551 2242 haud
570 2209 625 2242 illi
643 2210 796 2243 stabunt
817 2210 950 2244 AEne‘x'a
968 2222 1080 2254 parvo

247 2261 460 2306 Hospitia.''
517 2262 566 2295 Εὐ
584 2263 678 2296 laevo
697 2263 827 2307 pressit
847 2264 950 2307 pede,
972 2263 1061 2297 talia
1079 2263 1191 2306 fatus,

245 2315 475 2358 Exanimem,
498 2315 651 2358 rapiens,
676 2316 848 2349 immania
869 2316 1030 2360 pondera
1048 2317 1171 2358 baltei,

246 2367 541 2412 Impressumque
562 2370 662 2401 nefas
683 2372 772 2408 (una
791 2370 858 2402 sub
878 2372 983 2402 nocte
998 2369 1115 2414 jugali

1399 400 1440 420 ⁴50

1405 666 1444 685 ⁴65

1410 931 1449 952 470

1408 1196 1450 1217 ⁴7³

1416 1462 1457 1481 ⁴8⁰

1420 1728 1461 1746 495

1422 1994 1464 2013 400

1425 2261 1465 2280 ⁴195
