1559 2584
126 90 175 126 Set

556 97 741 125 VIRGILII
770 97 1003 125 GEORGICA.

231 186 310 221 Aut
327 185 392 220 ubi
411 186 479 220 sub
496 186 615 220 lucem
634 186 862 227 (1011531111οῙ-
879 185 1005 219 111111113,
1023 197 1100 220 sese
1395 179 1433 201 ⁴⁴³

231 239 376 274 Diversi
395 242 588 283 erumpent
602 239 706 282 radii,
730 241 794 272 aut
813 238 877 272 ubi
895 239 1030 282 pallida
1049 240 1173 283 surget

232 293 381 326 Tithoni
399 304 565 326 croceum
583 292 754 336 linquens
773 292 915 325 Aurora
933 291 1052 325 cubile
1071 305 1080 334 3

231 345 330 389 Heu,
352 346 446 379 male
464 348 546 379 tum
564 345 671 378 mites
690 344 863 378 defendet
881 344 1076 388 pampinus
1093 356 1196 388 uvas,

232 399 322 432 Tam
341 399 458 432 multa
476 399 515 432 in
534 398 641 431 tectis
660 397 841 442 crepitans
860 397 943 431 salit
962 397 1109 432 horrida
1127 397 1273 441 grando.

231 451 314 485 Hoc
337 452 456 495 etiam,
481 462 626 485 emenso
646 462 760 495 quum
775 451 853 495 jam
872 450 1023 484 decedet
1042 450 1211 494 Olympo,
1397 451 1436 472 ⁴⁵⁰

232 505 417 538 Profuerit
436 504 642 538 meminisse
661 503 775 547 magis
792 517 801 546 3
828 515 914 537 nam
933 515 1029 548 saepe
1047 504 1215 538 videmus

231 558 353 602 Ipsius
372 558 410 591 in
425 558 534 591 vultu
552 557 671 591 varios
690 568 807 590 errare
827 557 972 590 colores.

231 610 418 644 Coeruleus
436 610 598 654 pluviam
617 610 824 652 denunciat,
847 610 975 653 igneus
993 609 1111 643 Euros
1129 622 1136 644 :

233 663 298 698 Sin
317 664 469 698 maculae
488 663 663 707 incipient
681 663 792 697 rutilo
811 663 1046 697 immiscerier
1064 662 1153 707 igni,

232 717 364 751 01111113,
382 720 471 751 tunc
489 717 625 760 pariter
642 719 753 750 vento
773 716 979 760 nimbisque
998 716 1140 749 videbis

231 770 398 804 Fervere.
458 770 550 803 Non
568 770 632 804 illa
653 770 846 814 quisquam
864 781 922 802 me
942 772 1049 803 nocte
1069 781 1133 813 per
1151 769 1268 804 altum

231 823 303 867 Ire,
325 835 444 867 neque
464 835 485 857 a
502 825 602 857 terra
620 826 767 857 moneat
786 822 987 858 convellere
1005 823 1141 856 funem.

230 877 283 910 At
302 877 343 919 si,
366 888 481 920 quum
499 876 702 920 referetque
722 876 819 910 diem
839 875 1042 919 condetque
1062 876 1234 920 relatum,

233 929 393 963 Lucidus
413 929 509 963 orbis
528 929 609 972 erit,
631 930 767 963 frustra
783 929 964 963 terrebere
983 929 1128 974 nimbis,

231 983 281 1016 Et
300 983 395 1016 claro
414 983 534 1026 sylvas
553 994 678 1016 cernes
696 983 879 1026 Aquilone
898 982 1044 1016 moveri.

233 1035 415 1080 Denique,
439 1036 528 1079 quid
549 1035 689 1079 Vesper
707 1047 807 1069 serus
826 1035 950 1077 vehat,
970 1035 1069 1069 unde
1089 1047 1232 1069 serenas

232 1089 378 1122 Ventus
397 1092 480 1132 agat
499 1089 626 1132 nubeS,
658 1089 745 1133 quid
766 1089 901 1133 cogitet
920 1088 1094 1122 humidus
1113 1089 1262 1133 Auster,

234 1141 296 1176 Sol
314 1142 384 1176 tibi
404 1143 507 1186 signa
525 1142 628 1175 dabit
646 1142 829 1176 z-Solem
848 1142 929 1186 quis
948 1140 1067 1175 dicere
1086 1142 1221 1175 falsum

233 1195 408 1229 Audeat?
435 1195 497 1228 ille
516 1195 627 1228 etiam
647 1206 757 1228 caecos
776 1195 912 1228 instare
930 1195 1114 1228 tumultus

234 1248 336 1292 Saepe
355 1251 492 1291 monet,
514 1248 753 1292 fraudemque
773 1250 809 1281 et
829 1250 954 1291 operta
975 1251 1176 1281 tumescere
1194 1248 1298 1282 bella.

288 1302 356 1335 Ille
376 1302 486 1335 etiam
506 1301 687 1335 exstincto
705 1301 897 1334 miseratus
917 1301 1056 1335 Caesare
1075 1301 1244 1345 Romam,

236 1354 359 1396 Quum
379 1357 489 1399 caput
510 1355 663 1388 obscura
682 1354 844 1388 nitidum
865 1355 1049 1399 ferrugine
1068 1355 1175 1398 texit,

235 1408 427 1452 Impiaque
446 1410 622 1441 aeternam
640 1407 845 1441 timuerunt
864 1409 997 1442 saecula
1016 1410 1161 1441 noctem
1179 1420 1186 1442 :

234 1462 410 1505 Tempore
429 1472 639 1505 quanquam
658 1461 722 1494 illo
740 1461 850 1494 tellus
870 1472 1028 1505 quoque,
1047 1464 1084 1494 et
1104 1472 1253 1504 :equora
1271 1461 1388 1505 ponti,

235 1514 478 1557 Obscoenique
498 1526 614 1557 canes,
637 1510 928 1557 importunaeque
949 1515 1113 1547 volucres
1141 1511 1145 1514 ⁴

235 1567 345 1612 Signa
364 1567 511 1602 dabant.
573 1567 723 1608 Quoties
743 1567 942 1611 Cyclopum
962 1568 1134 1601 effervere
1152 1565 1191 1600 111
1210 1578 1315 1611 agros

234 1621 406 1654 Vidimus
424 1621 628 1654 undantem
646 1621 765 1664 ruptis
785 1620 991 1654 fornacibus
1018 1620 1183 1663 AEtnam,

233 1674 555 1717 Flammarumque
574 1674 711 1717 globos,
733 1674 1003 1717 liquefactaque
1022 1674 1167 1707 volvere
1187 1684 1275 1707 saxa
1293 1675 1301 1708 2

233 1727 433 1761 Armormn
453 1728 615 1760 sonitum
635 1729 715 1760 toto
736 1727 931 1760 Geimania
951 1727 1041 1761 coelo

233 1781 364 1815 Audiit
382 1794 389 1821 ;
417 1780 573 1814 insolitis
593 1782 823 1813 tremuerunt
842 1780 1002 1813 motibus
1022 1780 1143 1823 Alpes.
1405 1777 1445 1800 ⁴⁷⁵

234 1833 320 1867 Vox
341 1845 485 1878 quoque
505 1845 569 1877 per
586 1833 686 1866 lucos
705 1833 816 1877 vulgo
836 1833 1008 1866 exaudita
1027 1833 1176 1866 silentes

234 1886 370 1930 Ingens
387 1900 395 1928 ;
429 1889 466 1920 et
490 1886 694 1929 simulacra,
716 1886 834 1919 modis
852 1887 1027 1930 pallentia
1054 1885 1167 1929 miris,

234 1939 323 1973 Visa
342 1940 409 1973 sub
429 1940 623 1973 obscurum
641 1939 758 1973 noctis
779 1953 786 1981 3
815 1939 1044 1984 pecudesque
1060 1939 1205 1982 locutae,

234 1993 435 2026 Infandum
456 1994 461 2026 !
493 1993 628 2026 sistunt
654 2004 790 2036 amnes,
814 1994 993 2036 terraique
1013 1992 1207 2026 dehiscunt
1227 2003 1236 2033 3

234 2046 284 2079 Et
302 2049 477 2079 moestum
496 2046 701 2089 illacrymat
721 2046 866 2089 templis
887 2046 987 2089 ebur,
1007 2057 1151 2090 aeraque
1171 2044 1317 2079 sudant.

235 2099 379 2132 Proluit
398 2099 524 2133 insano
545 2102 788 2143 contorquens
807 2099 943 2133 vortice
965 2099 1085 2143 sylvas

234 2151 264 2185 F
266 2152 449 2186 luviorum
468 2164 532 2185 rex
551 2152 744 2195 Eridanus,
763 2163 980 2196 camposque
999 2164 1062 2196 per
1081 2162 1205 2185 omnes

238 2205 329 2238 Cum
352 2205 504 2239 stabulis
524 2208 689 2239 armenta
708 2205 796 2239 tulit
815 2218 821 2239 :
851 2217 916 2239 nec
935 2208 1098 2249 tempore
1117 2204 1245 2238 eodem

235 2256 416 2291 Tristibus
435 2262 499 2292 aut
520 2258 614 2292 extis
633 2259 733 2292 fibrae
752 2270 924 2302 apparere
943 2259 1114 2301 minaces»,

235 2310 315 2346 Aut
334 2311 454 2355 puteis
472 2323 619 2345 manare
639 2323 743 2345 cruor
762 2312 915 2345 cessavit
933 2324 940 2353 ;
970 2313 1006 2345 et
1025 2311 1098 2344 alte

235 2364 306 2399 Per
324 2367 469 2398 noctem
487 2376 652 2398 resonare
672 2364 767 2408 lupis
785 2364 1013 2398 ululantibus
1031 2364 1149 2398 urbe-s,

1401 711 1440 731 455

1399 977 1439 997 460

1404 1245 1444 1265 665

1405 1511 1446 1535 470

1405 2042 1447 2063 ⁴⁵³)

1405 2308 1447 2328 ⁴85
