1528 2569
681 104 816 136 LIBER.
845 105 885 136 V.

223 193 353 229 Portat
371 205 487 239 equus
504 194 642 230 bicolor
659 196 822 239 maculis,
843 195 996 240 vestigia
1014 193 1121 240 primi

223 249 319 282 Alba
336 248 448 292 pedis,
472 248 703 293 frontemque
722 252 909 283 ostentans
927 249 1062 283 arduus
1081 250 1211 285 allam.

223 301 329 335 Alter
347 302 453 344 Atys,
475 313 587 345 genus
606 302 704 335 unde
723 303 807 336 Atti
826 302 964 336 duxere
979 301 1101 336 Latini
1117 315 1128 344 ς

224 353 364 387 Parvus
383 354 478 398 Atys
497 366 683 398 pueroque
702 366 793 399 puer
811 355 967 389 dilectus
985 355 1079 389 Iulo.

223 406 418 440 Extremus
435 407 626 451 formaque
645 410 730 441 ante
749 419 873 441 omnes
891 408 1041 452 pulcher
1060 408 1166 443 Iiilus

223 459 371 494 Sidonio
391 463 446 493 est
463 460 630 494 invectus
649 472 754 504 equo,
777 473 887 504 quem
906 461 1059 495 candida
1077 461 1126 494 Di
1138 461 1174 495 lo

225 512 311 547 Esse
331 513 387 546 sui
406 513 556 547 dederat
575 517 854 547 monumentum
873 516 909 547 et
928 514 1059 558 pignus
1077 514 1218 549 amoris.

223 565 351 600 Cetera
370 566 562 599 Trinacriis
580 566 695 610 pubes
713 566 862 600 senioris
880 567 1023 600 Acestae

223 618 356 652 Fertur
374 619 485 662 equis.

223 671 422 716 Excipiunt
441 672 571 716 plausu
588 671 751 715 pavidos,
773 671 1006 715 gaudentque
1025 675 1170 706 tuentes

221 724 455 768 Dardanidae,
476 727 715 768 veterumque
733 727 935 768 agnoscunt
954 736 1015 758 ora
1033 729 1237 768 parentum.

221 776 422 822 Postquam
441 788 587 811 omnem
604 777 682 810 laeti
700 788 907 811 consessum
925 777 1120 821 oculosque
1140 790 1289 813 suorum

221 829 437 864 Lustravere
456 830 495 863 in
514 830 628 874 equis,
650 830 794 873 signum
812 830 967 863 clamore
986 831 1122 874 paratis

221 883 400 927 Epytides
417 883 522 927 longe
541 883 656 926 dedit,
676 883 911 926 insonuitque
929 883 1081 927 fiagello.

222 936 294 970 0111
313 936 509 970 discurrere
528 947 643 980 pares,
665 938 777 980 atque
796 935 939 980 agmina
956 936 1052 969 terni

221 989 393 1023 Didu2tis
412 989 548 1023 solvere
569 989 685 1022 choris
701 1002 710 1030 ;
738 1000 933 1033 rursusque
952 989 1072 1023 vocati

223 1043 441 1076 Convertere
460 1042 549 1085 vias,
570 1041 776 1086 infestaque
795 1042 870 1075 tela
886 1042 1013 1076 tulere.

223 1095 316 1129 Incle
335 1095 424 1129 alios
442 1096 571 1129 ineunt
591 1107 727 1137 cursus,
751 1095 911 1139 aliosque
930 1107 1106 1138 recursus,

221 1149 395 1182 Adversis
413 1148 538 1192 spatiis
559 1161 565 1188 ;
594 1148 823 1191 alternosque
843 1148 990 1181 orbibus
1009 1149 1111 1182 orbes

222 1201 447 1245 Impediunt,
469 1212 674 1245 pugnaeque
694 1201 789 1234 cient
808 1201 998 1234 simulacra
1017 1202 1084 1234 sub
1103 1201 1210 1235 armis
1226 1213 1235 1238 :

222 1254 271 1288 Et
290 1266 387 1288 nunc
405 1258 507 1297 terga
526 1254 612 1298 fuga
631 1253 786 1297 nudant,
809 1265 906 1288 1111116
924 1254 1060 1297 spicula
1079 1257 1228 1289 vertunt

222 1307 374 1350 Infcnsi,
396 1308 493 1341 facta
511 1307 646 1350 pariter
665 1318 761 1340 nunc
780 1318 866 1350 pace
885 1307 1062 1341 ferimtur.

222 1360 275 1393 Ut
295 1360 480 1404 quondam
500 1360 607 1393 Crete.
626 1360 742 1393 fertur
761 1359 1007 1403 Labyrinthus
1026 1360 1065 1393 111
1084 1360 1159 1394 altel

221 1413 430 1447 Parietibus
448 1416 593 1447 textum
612 1412 714 1446 caecis
732 1412 814 1455 iter,
836 1412 1104 1457 ancipitemque

222 1466 327 1500 Mille
346 1466 414 1499 viis
433 1465 600 1499 habuisse
619 1465 756 1508 dolum,
779 1477 851 1508 qua
869 1464 971 1508 signa
990 1465 1166 1509 sequendi

221 1519 380 1553 falleret
397 1518 636 1562 indeprensus
655 1522 692 1551 et
710 1518 944 1551 irremeabilis
963 1530 1068 1552 error.

221 1571 333 1606 Haud
354 1572 460 1605 aliter
479 1572 657 1605 Teucrum
676 1571 756 1604 nati
775 1571 926 1614 vestigia
946 1582 1052 1604 cursu

222 1625 447 1669 Impediunt,
469 1627 675 1668 texuntque
695 1625 799 1667 fugas
819 1627 855 1657 et
875 1624 999 1668 praelia
1016 1624 1104 1658 ludo
1124 1636 1131 1659 :

220 1678 445 1722 Delphinum
463 1678 609 1720 similes,
632 1677 695 1721 qui
714 1688 777 1721 per
795 1677 909 1710 maria
927 1677 1078 1711 humida
1096 1677 1218 1711 nando

221 1731 456 1774 Carpathium
477 1730 727 1774 Libycumque
745 1733 881 1773 secant,
895 1730 1102 1773 luduntque
1121 1742 1186 1774 per
1204 1730 1330 1765 undas.

222 1783 335 1817 Hunc
353 1795 491 1817 morem
510 1784 636 1816 cursfis
656 1785 766 1826 atque
785 1783 864 1816 haec
883 1783 1079 1816 certamina
1097 1783 1236 1826 primus

222 1836 412 1878 Ascanius,
434 1836 597 1879 Longam
615 1835 729 1868 muris
748 1847 862 1878 quum
880 1835 1040 1879 cingeret
1058 1836 1203 1880 Albam,

222 1888 396 1932 Rettulit,
419 1891 456 1922 et
474 1888 608 1932 priscos
626 1888 750 1921 docuit
769 1887 947 1921 celebrare
966 1888 1116 1922 Latinos
1131 1901 1140 1930 3

223 1941 304 1982 Quo
322 1953 413 1985 puer
430 1941 506 1985 ipse
525 1940 646 1984 modo,
667 1952 789 1974 secum
808 1952 881 1984 quo
900 1941 1006 1974 Troia
1023 1941 1138 1984 pubes
1158 1952 1166 1976 ς

222 1994 358 2029 Albani
376 1994 528 2028 docuere
548 2005 644 2036 SUOS,
665 1993 750 2027 hinc
767 1993 927 2027 maxima
944 2005 1050 2037 porro

221 2047 374 2091 Accepit
393 2047 522 2089 Roma,
545 2050 582 2080 et
602 2046 760 2090 patrium
779 2047 937 2079 servavit
955 2046 1129 2080 honorem
1148 2059 1158 2088 ;

224 2101 405 2144 Trojaque
420 2111 519 2133 nunc
537 2099 640 2143 pueri
655 2099 850 2143 Trojanum
870 2099 1004 2132 dicitur
1021 2110 1161 2143 agmen.

222 2152 305 2187 Hac
323 2153 502 2186 celebrata
521 2155 629 2186 tenus
648 2154 772 2185 sancto
791 2152 988 2185 certamina
1005 2151 1108 2195 patri.

277 2205 350 2239 Hie
369 2206 526 2249 primum
546 2206 709 2238 Fortuna
727 2204 837 2238 fidem
855 2207 998 2238 mutata
1015 2204 1174 2240 novavit.

224 2258 324 2292 Dum
343 2258 452 2292 variis
470 2258 614 2291 tumulo
633 2258 797 2291 referunt
817 2257 991 2291 solemnia
1011 2257 1121 2302 ludis,

223 2311 314 2345 Irim
332 2311 377 2344 de
397 2311 488 2345 eoelo
506 2311 606 2344 misit
626 2310 797 2344 Saturnia
814 2309 840 2343 J
843 2321 916 2344 uno

223 2363 372 2398 Iliacam
391 2363 437 2398 ad
456 2363 617 2406 classem,
640 2365 841 2407 ventosque
859 2363 994 2407 aspirat
1012 2363 1141 2406 eunti3

1379 98 1432 138 87

1390 407 1433 431 ⁶7⁰

1390 671 1432 695 675

1387 935 1430 957 650

1389 1199 1431 1220 585

1388 1464 1431 1484 690

1391 1729 1432 1748 595

1394 2254 1436 2276 005
