1559 2584
116 152 192 189 106

529 162 715 189 VIRGILII
746 162 915 189 CATALE
922 162 1016 190 CTA.

218 250 289 284 Illo
310 261 381 294 quo
400 250 558 294 primum
578 250 788 283 dominatus
806 250 924 283 Roma
943 250 1114 293 superbos

272 303 435 337 Mutavit
454 303 604 347 placidis
622 305 785 347 tempore
805 303 1022 337 consulibus.

217 355 354 399 Multa,
375 368 494 400 neque
513 356 716 399 immeritiS,
739 355 889 389 donavit
908 356 1067 399 praemia
1084 356 1253 400 alumnis,

271 409 437 443 Praemia
457 409 624 442 Messalis
642 409 801 442 maxima
820 409 1022 452 Poplicolis.

217 462 316 496 Nam
336 462 425 506 quid
444 473 510 506 ego
528 462 696 495 immensi
714 473 911 495 memorem
931 462 1053 495 studia
1071 462 1142 496 ista
1159 462 1292 496 laboris
1310 462 1322 496 2

271 515 431 549 Horrida
451 515 540 559 quid
560 515 671 548 durae
689 517 854 559 tempora
872 515 1024 548 militiae
1043 515 1055 548 2

218 568 347 603 Castra
365 569 444 602 foro
464 568 603 611 solitos,
624 568 709 601 urbi
727 580 946 612 praeponere
966 571 1094 611 castra,

272 622 360 655 Tam
379 621 505 665 procul
524 622 593 655 1100
611 623 711 664 nato,
733 624 810 654 tam
828 621 955 665 procul
973 621 1040 655 hac
1058 621 1204 665 patria?

216 674 462 709 Immoderata
479 674 557 718 pati
574 674 646 708 iam
664 675 809 718 frigora,
831 675 976 718 iamque
996 674 1129 708 calores
1146 674 1159 710 ‘l

272 728 429 761 Stertere
448 728 506 761 vel
525 728 617 761 dura
635 739 737 771 posse
758 739 865 771 super
883 728 980 761 silice
998 727 1010 761 2

219 780 331 825 Saepe
348 784 488 815 trucem
507 781 658 814 adverso
676 781 816 825 perlabi
834 781 949 814 sidere
967 784 1122 825 pontum
1143 794 1150 822 ;

276 834 389 878 Saepe
407 846 506 868 mare
525 834 694 868 audendo
713 834 868 877 vincere,
891 846 996 878 saepe
1014 834 1170 868 hiemem
1185 833 1198 868 2

221 886 333 931 Saepe
353 887 463 921 etiam
482 887 612 921 densos
630 887 828 921 immittere
845 899 973 931 corpus
992 888 1030 920 in
1049 888 1184 930 hostes,

274 941 511 974 Communem
530 941 616 974 beni
634 952 700 974 nee
718 940 883 974 timuisse
902 941 1011 974 deum
1026 940 1038 974 2

225 992 337 1027 Nunc
356 994 486 1027 celeres
505 993 615 1027 Afros
633 993 867 1037 perituraque
886 994 1001 1027 millia
1018 994 1150 1037 gentis,

274 1048 397 1080 Aurea
415 1058 512 1080 nunc
531 1047 649 1090 rapidi
668 1047 821 1080 flumina
840 1046 938 1080 adire
959 1046 1074 1090 Tagi?

221 1100 259 1134 N
262 1112 334 1134 unc
353 1100 461 1133 aliam
481 1111 527 1133 ex
546 1100 617 1133 alia
636 1100 804 1133 bellando
825 1111 996 1144 quaerere
1015 1099 1188 1143 gentem?

275 1153 432 1187 Vincere
452 1155 489 1187 et
509 1153 644 1187 Oceani
662 1153 796 1186 finibus
815 1153 970 1186 ulterius
987 1153 999 1186 ’.ἰ

226 1206 315 1240 Non
334 1209 502 1240 nostrum
522 1209 588 1250 est,
611 1206 774 1250 inquam,
796 1208 919 1239 tantas
939 1206 1117 1250 attingere
1136 1206 1263 1240 laudes
1280 1219 1288 1247 ;

278 1259 375 1300 Quin
394 1260 511 1293 ausim
530 1259 598 1293 1100
617 1260 726 1293 etiam
746 1259 877 1303 dicere,
900 1259 963 1293 vix
982 1259 1172 1293 hominum
1192 1262 1256 1294 est.

221 1312 318 1357 Ipsa,
341 1313 428 1346 haec
446 1313 524 1357 ipsa
542 1313 662 1346 ferent
681 1324 802 1346 rerum
821 1315 1062 1346 monumenta
1080 1325 1144 1357 per
1163 1313 1300 1356 orbem,

277 1367 363 1410 Ipsa
382 1366 450 1399 sibi
469 1366 650 1410 egregium
670 1367 766 1400 facta
785 1366 895 1399 decus
913 1366 1056 1410 parient
1076 1380 1084 1408 ;

221 1419 300 1453 Nos
320 1431 373 1463 ea,
392 1431 484 1463 quae
503 1422 626 1453 tecum
645 1419 832 1453 finxerunt
852 1420 1011 1453 carmina
1030 1419 1118 1463 divi,

276 1473 456 1517 Cynthius
476 1475 512 1506 et
532 1472 675 1516 Musae,
698 1473 863 1506 Bacchus
882 1475 919 1506 et
939 1473 1075 1516 Aglaie.

222 1525 260 1560 Si
279 1526 405 1561 laudes
423 1526 603 1570 adspirem
620 1538 627 1560 :
656 1526 786 1559 humili
805 1526 853 1559 sit
872 1526 972 1559 adire
992 1526 1167 1568 Camena3

277 1579 314 1613 Si
334 1579 453 1624 patrio
473 1579 601 1613 Graios
621 1579 778 1613 carmine
798 1579 897 1612 adire
917 1580 1009 1612 sales

222 1632 423 1666 Possumus
444 1645 451 1667 :
481 1633 615 1676 optatis
634 1633 715 1676 plus
734 1633 806 1665 iam
825 1632 1052 1676 procedimus
1071 1632 1166 1675 ipsis.

277 1685 360 1720 Hoc
380 1685 468 1720 satis
487 1688 541 1719 est
557 1699 566 1728 ;
594 1685 721 1730 pingui
739 1686 792 1719 nil
811 1685 900 1719 mihi
921 1697 1003 1719 eum
1023 1685 1167 1729 populo.

1413 1204 1439 1223 55

469 1849 681 1884 XII.—IN
709 1850 762 1884 M.
797 1850 871 1884 AN
874 1850 975 1884 TON
978 1849 1088 1884 IUM.

225 1945 390 1990 Adspice,
414 1958 524 1990 quem
542 1947 655 1980 viduo
675 1947 873 1981 subnixum
892 1947 1006 1991 gloria
1023 1957 1135 1990 regno

275 2000 399 2033 Altius
418 2003 455 2033 et
475 2000 565 2034 coeli
584 2000 729 2033 sedibus
748 2001 931 2034 extulerat
952 2003 958 2035 l

221 2052 415 2086 Terrarum
434 2053 493 2087 1110
512 2053 607 2087 bello
626 2065 801 2097 magnum
821 2056 1050 2087 concusserat
1069 2053 1205 2096 orbem,

276 2105 349 2139 Η10
368 2118 469 2150 reges
487 2107 597 2140 Asiae
617 2107 786 2150 fregerat,
808 2107 867 2140 hie
886 2107 1039 2151 populos
1057 2119 1065 2148 ;

223 2158 296 2192 Hic
317 2171 424 2202 grave
446 2160 635 2193 servitium
655 2160 726 2193 iam
747 2159 821 2194 iam
840 2160 921 2203 tibi,
944 2160 1073 2202 Roma,
1095 2159 1290 2192 ferebat«-

277 2212 406 2245 Cetera
426 2224 584 2257 namque
605 2213 673 2246 viri
693 2214 840 2257 cuspide
861 2211 1093 2247 conciderant
1112 2225 1173 2246 :—

221 2263 313 2298 Cum
335 2265 456 2299 subito
475 2266 513 2299 in
528 2266 648 2300 medio
667 2278 789 2300 rerum
809 2266 1004 2300 certamine
1024 2275 1194 2309 praeceps

275 2317 432 2362 Corruit,
455 2331 474 2352 e
494 2319 613 2363 patria
632 2320 759 2363 pulsus
778 2320 815 2353 in
836 2319 1014 2353 exsilium.

220 2370 305 2403 Tale
325 2371 435 2405 desim
454 2384 590 2405 numen
611 2386 619 2414 ;
647 2373 713 2406 tali
732 2373 899 2406 mortalia
918 2375 1012 2405 nutu

274 2424 403 2458 Fallax
423 2428 608 2459 momento
626 2426 799 2470 temporis
818 2426 908 2458 hora
926 2425 1039 2460 dedit.
1415 2419 1440 2441 ²⁰
