1528 2569
537 161 724 189 VOEGILH
755 159 1023 188 CATALECTA.

230 249 464 293 Commendo,
484 249 523 283 in
543 250 741 294 primisque
760 252 910 294 patrem.
972 248 1027 282 Tu
1045 259 1143 282 nunc
1163 247 1231 281 eris
1249 247 1316 291 illi,

282 304 440 338 Mantua
459 303 558 347 quod
575 303 696 336 fuerat
715 303 887 347 quodque
908 301 1085 335 Cremona
1102 301 1213 345 prius

331 466 531 502 XL-AD
559 466 611 501 M.
645 465 921 500 VALERIUM
949 463 1233 498 MESSALAM.

229 564 351 598 Pauca
368 563 470 606 mihi,
492 563 599 597 niveo
619 563 681 596 sed
700 574 775 596 non
793 561 979 606 incognita
997 561 1158 604 Phoebo,

282 616 404 650 Pauca
422 617 513 650 mihi
531 616 659 650 doctae
678 616 786 649 dicite
805 614 1012 658 Pegasides,

229 669 359 704 Victor
377 670 492 712 adest,
513 670 637 712 magni
654 680 828 712 magnum
848 668 958 701 decus
976 678 1056 700 ecce
1074 665 1264 711 triumphi,

282 723 422 766 Victor,
446 734 517 766 qua
536 724 652 755 terrae
673 733 818 765 quaque
837 722 964 764 patent
982 720 1108 762 maria,
1173 753 1178 756 ,

229 775 389 810 Horrida
407 775 614 809 barbaricae
633 777 784 818 portans
802 773 958 817 insignia
975 783 1131 816 pugnae,

282 829 442 872 Magnus
459 830 503 861 ut
523 827 691 870 Oenides,
713 830 829 870 utque
849 826 1025 870 superbus
1041 825 1166 869 Eryx3

230 882 310 916 Nec
328 882 450 915 minus
467 881 602 914 idcirco
621 883 763 914 nostros
783 890 992 923 expromere
1012 881 1141 912 cantus

283 935 480 977 Maximus,
503 937 540 967 et
559 936 701 967 sanctos
721 933 852 977 dignus
870 932 962 965 inire
982 931 1118 966 choros

230 987 312 1022 Hoc
331 988 455 1031 itaque
474 987 627 1020 insuetis
645 987 759 1020 iactor
777 985 903 1030 magis,
925 985 1073 1029 optime,
1096 983 1202 1027 curis,

284 1041 379 1081 Quid
399 1041 444 1073 de
463 1043 502 1073 te
519 1041 654 1084 possim
673 1040 838 1082 scribere,
862 1039 996 1082 quidve
1015 1037 1093 1072 tibi.

230 1093 599 1138 Namque—fatebor
616 1093 860 1136 enim—quae
879 1092 1039 1125 maxima
1057 1089 1265 1124 deterrendi

284 1147 434 1190 Debuit,
456 1146 629 1180 hortandi
646 1146 805 1179 maxima
825 1156 932 1179 causa
949 1144 1031 1178 fuit.

232 1200 355 1234 Pauca
371 1203 437 1233 tua
454 1199 494 1232 in
512 1202 654 1233 nostras
673 1201 854 1232 venerunt
873 1198 1032 1232 carmina
1051 1197 1205 1240 chartas,

286 1253 454 1286 Carmina
473 1264 555 1286 cum
573 1252 710 1296 lingua,
732 1254 814 1285 tum
834 1251 906 1285 sale
926 1250 1108 1294 Cecropio,

234 1306 414 1349 Carmina,
437 1317 530 1350 quae
549 1305 711 1349 Pylium,
733 1305 836 1338 seclis
855 1306 1000 1348 accepta
1018 1302 1165 1346 futuris,

286 1360 465 1402 Carmina,
487 1370 580 1402 quae
599 1358 746 1402 Pylium
765 1357 907 1391 vincere
927 1357 1036 1400 digna
1054 1367 1187 1390 senem.

233 1412 398 1446 Molliter
415 1412 474 1445 hic
492 1412 602 1445 viridi
620 1412 766 1455 patulae
785 1411 852 1444 sub
871 1410 1032 1454 tegmine
1052 1419 1208 1453 quercus

287 1465 425 1498 Moeris
443 1467 605 1508 pastores
624 1467 662 1498 et
681 1464 885 1498 Meliboeus
904 1465 1021 1506 erant,

232 1518 364 1553 Dulcia
382 1518 558 1552 iactantes
577 1518 717 1552 alterno
736 1517 896 1550 carmina
913 1527 1034 1559 versu,

287 1571 417 1612 Qualia
436 1571 640 1605 Trinacriae
660 1571 790 1604 doctus
810 1572 908 1604 amat
926 1569 1080 1604 iuvenis·

234 1624 410 1659 Certatim
429 1625 608 1658 ornabant
627 1635 751 1658 omnes
769 1623 919 1657 hero'i'da
938 1622 1056 1667 divae,

289 1678 464 1711 Certatim
483 1678 588 1711 divae
606 1689 755 1711 munere
775 1687 940 1720 quaeque
960 1687 1035 1709 suo.

233 1731 392 1766 Felicem
411 1734 496 1764 ante
515 1731 603 1764 alias
622 1733 727 1765 tanto
747 1730 918 1773 scriptore
937 1728 1096 1773 puellam
1115 1728 1124 1761 !

289 1785 416 1818 Altera
434 1795 508 1817 non
526 1784 624 1817 fama
643 1783 778 1816 dixerit
798 1794 873 1815 esse
891 1783 990 1826 prior
1010 1794 1017 1815 :

235 1836 324 1871 Non
342 1837 417 1880 illa,
439 1837 686 1880 Hesperidum
704 1836 743 1869 ni
761 1846 910 1868 munere
929 1838 1034 1878 capta
1051 1833 1194 1877 fuisset,

291 1890 392 1930 Quae
410 1890 596 1923 volucrem
616 1901 723 1922 cursu
742 1888 876 1922 vicerat
897 1888 1167 1931 Hippomenem
1185 1898 1196 1929 ;

239 1943 403 1978 Candida
422 1954 555 1986 cycneo
575 1954 650 1975 non
669 1941 768 1975 edita
787 1940 966 1984 Tyndaris
985 1951 1054 1974 ovo
1071 1953 1080 1982 ;

292 1996 329 2029 N
332 2008 379 2030 on
399 2007 527 2040 supero
545 1995 689 2039 fulgens
709 1994 898 2037 Cassiopea
916 1994 999 2037 polo
1019 2005 1028 2034 ;

237 2049 326 2083 Non
341 2049 489 2082 defensa
508 2048 573 2081 diu
591 2048 783 2081 volucrum
802 2047 999 2080 certamine
1018 2055 1208 2089 equorum,

292 2102 479 2146 Optabant
499 2101 629 2134 Graiae
649 2111 759 2144 quam
778 2100 847 2133 sibi
866 2110 1030 2143 quaeque
1050 2109 1192 2141 manus,

238 2155 350 2199 Saepe
369 2155 526 2188 animam
545 2154 668 2197 generi
685 2165 750 2197 pro
769 2164 841 2196 qua
859 2155 962 2196 pater
980 2151 1113 2195 impius
1131 2149 1266 2193 hausit,

293 2208 405 2252 Saepe
423 2208 535 2241 rubro
553 2207 652 2240 Eleis
671 2206 844 2250 sanguine
863 2205 973 2239 fluxit
990 2205 1124 2238 humus
1140 2217 1150 2246 3

240 2261 356 2305 Regia
374 2272 449 2294 non
468 2260 621 2302 Semele,
643 2271 718 2293 non
736 2259 883 2292 Inachis
902 2258 1103 2300 Acrisione,

293 2313 452 2347 Immitti
469 2316 640 2357 expertae
659 2312 813 2346 fulmine
833 2315 870 2345 et
889 2311 1004 2344 imbre
1024 2310 1152 2344 Iovem
1169 2321 1180 2354 ς

240 2366 352 2401 Cuius
371 2371 408 2400 et
427 2367 474 2400 ob
491 2369 638 2410 raptum
656 2365 753 2409 pulsi
771 2365 910 2409 liquere
929 2364 1087 2398 Penates

295 2419 483 2463 Tarquinii
501 2419 651 2464 patrios,
673 2419 770 2452 filius
789 2421 900 2462 atque
919 2420 1034 2461 pater,

410 2487 413 2489 -
1223 2473 1244 2496 r
1267 2465 1286 2496 3

1362 150 1440 186 105

1420 1032 1445 1053 10

1423 1297 1448 1317 1⁵

1428 2092 1456 2113 ⁵0
