1559 2584
132 129 183 165 12
569 137 755 165 vmemn
784 138 1015 167 Bucoch.

126 225 304 270 Agricolae
323 225 477 267 facient;
506 225 695 259 damnabis
713 227 756 259 tu
782 237 927 269 quoque
955 225 1062 260 votis.

179 279 280 313 Mor.
316 278 405 320 Quae
424 279 503 321 tibi,
523 290 604 322 quae
624 279 690 312 tali
709 278 859 311 reddam
879 290 944 322 pro
964 279 1121 313 carmine
1140 279 1234 313 dona
1253 277 1266 315 Ξ

126 331 226 365 Nam
245 343 362 375 neque
382 343 439 365 me
460 333 607 364 tantum
626 331 807 365 venientis
832 331 959 365 sibilus
978 332 1119 376 Austri,

126 384 205 418 Nec
224 396 392 428 percussa
406 384 542 428 juvant
561 384 675 417 fluctu
693 387 771 417 tam
790 384 928 427 littora,
952 395 1018 418 nec
1038 396 1120 429 quae

125 437 280 472 Saxosas
300 438 396 470 inter
415 437 613 470 decurrunt
633 437 784 470 flumina
802 437 925 470 valles.

175 490 280 524 ΜΕΝ.
305 489 388 523 Hac
407 492 443 522 te
462 501 528 522 nos
547 489 666 533 fragili
686 489 902 523 donabimus
922 492 1008 523 ante
1028 490 1147 524 cicuta
1164 499 1175 527 z

121 542 215 576 Haec
233 554 311 585 nos,
333 543 545 575 Formosum
569 542 734 584 Corydon
754 542 899 575 ardebat
918 542 1052 576 Aleoeiu
1070 555 1082 584 ,-

121 595 213 629 Haec
234 595 360 629 eadem
380 595 515 637 docuit,
542 594 673 637 Cujum
687 606 794 638 pecus
812 595 828 629 ?
856 606 906 628 cm
926 595 1084 629 Meliboei
1101 595 1118 630 ?

173 648 273 682 MOP.
308 648 362 681 Ac
380 649 422 681 tu
444 659 544 680 sume
563 647 710 691 pedum,
734 647 844 691 quod,
868 659 925 681 me
946 660 1060 692 quum
1081 660 1174 693 saepe
1189 652 1345 694 rogaret,

119 700 206 735 Non
226 701 313 734 tulit
331 700 532 744 Antigenes
552 700 603 744 (et
623 703 700 733 erat
728 703 809 734 tum
828 700 960 744 dignus
980 701 1121 747 amari),

117 753 333 788 Formosum
350 753 497 798 paribus
516 753 621 787 nodis
640 756 750 797 atque
769 764 852 798 aere,
876 753 1055 788 Menalca.

481 1021 679 1056 ECLOGA
707 1021 773 1056 VI.
782 1021 1060 1058 —SILENUS.

169 1113 302 1148 PRIMA
323 1113 509 1157 Syracosio
529 1113 679 1157 dignata
697 1115 752 1147 est
770 1113 895 1147 ludere
917 1124 1024 1147 versu

116 1165 156 1199 N
158 1169 266 1209 ostra,
289 1178 355 1199 nec
374 1166 521 1199 erubuit
540 1166 661 1209 sylvas
688 1166 865 1209 habitare,
890 1166 1025 1200 Thalia.

117 1218 239 1259 Quum
258 1230 423 1252 canerem
442 1230 542 1262 reges
561 1221 598 1251 et
616 1219 752 1262 praelia,
776 1218 956 1262 Cynthius
976 1229 1101 1253 aurem

122 1270 244 1315 Vellit,
267 1274 304 1305 et
323 1272 514 1305 admonuit
535 1284 541 1305 :
570 1271 771 1314 Pastorem,
790 1271 925 1315 Tityre,
948 1271 1099 1315 pingues

115 1324 268 1358 Pascere
288 1327 432 1368 oportet
451 1336 548 1367 oves,
570 1324 769 1358 deductum
789 1324 906 1358 dicere
926 1336 1079 1358 carmen.

115 1376 227 1411 Nunc
247 1389 323 1421 ego,
347 1377 518 1421 (namque
538 1389 644 1421 super
662 1377 731 1410 tibi
749 1380 866 1419 erunt,
892 1378 955 1421 qui
974 1378 1090 1411 dicere
1109 1376 1248 1423 laudes,

115 1429 226 1474 Vare,
249 1432 332 1464 tuas
352 1430 510 1474 cupiant,
535 1432 572 1463 et
591 1429 711 1463 tristia
730 1430 883 1463 condere
903 1430 1026 1475 bella),

114 1482 306 1527 Agresteni
324 1483 428 1516 tenui
447 1482 650 1516 meditabor
668 1482 845 1516 arundine
864 1494 1014 1517 mnsam.

113 1536 202 1570 Non
220 1536 358 1580 injussa
383 1547 471 1569 cano
490 1548 496 1570 :
526 1535 557 1569 si
576 1536 657 1579 quis
675 1538 799 1569 tamen
818 1535 896 1569 haec
915 1547 1072 1580 quoque,
1094 1536 1124 1570 si
1143 1535 1224 1581 quis

114 1589 250 1633 Captus
269 1600 389 1622 amore
408 1589 515 1632 leget,
537 1590 574 1622 te
593 1591 740 1631 nostrae,
764 1588 872 1631 Vare,
895 1589 1052 1632 myricae,

112 1641 162 1675 Te
182 1653 311 1675 nemus
331 1653 437 1675 omne
456 1644 561 1675 canet
578 1654 586 1682 3
614 1653 681 1675 nec
700 1641 840 1674 Phoebo
859 1641 995 1684 gratior
1013 1642 1088 1675 ulla
1106 1644 1171 1675 est.

114 1694 233 1736 Quam
253 1695 321 1728 sibi
339 1706 421 1738 quae
441 1694 531 1728 Vari
549 1694 768 1738 praescripsit
787 1694 919 1737 pagina
937 1706 1079 1728 nomen.

165 1748 324 1791 Pergite,
356 1747 517 1781 Pierides
535 1747 762 1781 z—Chromis
782 1749 818 1780 et
838 1746 1027 1790 Mnasylos
1045 1747 1082 1782 in
1103 1756 1209 1782 antro

111 1800 275 1835 Silenum
293 1800 396 1844 pueri
415 1812 541 1833 somno
560 1800 683 1834 videre
698 1800 894 1844 jacentem,

109 1853 287 1887 Inflatum
305 1853 475 1886 hesterno
497 1865 616 1896 venas,
638 1855 681 1886 ut
700 1864 850 1896 semper,
873 1853 1003 1886 Iaccho
1021 1863 1030 1888 ε

111 1906 216 1940 Serta
234 1906 360 1950 procul
375 1908 522 1939 tantum
541 1906 650 1949 capiti
669 1906 816 1949 delapsa
829 1905 1000 1949 jacebant
1015 1917 1027 1948 ς

109 1959 159 1992 Et.
177 1959 295 2002 gravis
315 1959 445 1992 attrita
464 1958 648 2002 pendebat
668 1958 862 1992 cantharus
881 1961 979 1993 ansa.

108 2011 289 2055 Aggressi,
312 2023 397 2045 nam
417 2023 511 2055 saepe
531 2023 641 2045 senex
661 2023 723 2055 spe
742 2011 910 2045 carminis
930 2011 1036 2046 ambo

109 2063 273 2107 Luserat,
296 2064 468 2108 injiciunt
487 2065 573 2108 ipsis
593 2076 638 2097 ex
656 2064 802 2098 vincula
827 2064 940 2097 sertis.

108 2117 226 2151 Addit
245 2129 281 2150 se
301 2117 445 2160 sociam,
467 2117 679 2160 timidisque
698 2117 920 2161 supervenit,
944 2117 1079 2161 AEgle3

109 2170 230 2214 AEgle,
253 2169 439 2203 Naiadum
458 2170 700 2214 pulcherrima
719 2183 727 2211 ;
752 2170 903 2214 jamque
922 2169 1066 2204 videnti

109 2222 323 2266 Sanguineis
342 2223 503 2256 frontem
522 2223 632 2256 moris
652 2225 689 2256 et
708 2225 873 2267 tempora
891 2223 1018 2267 pingit.

110 2276 177 2309 [lle
197 2275 322 2309 dolum
341 2275 475 2318 ridens,
499 2275 579 2317 Quo
599 2276 745 2309 vincula
764 2275 910 2309 nectitis
929 2276 941 2309 2
968 2274 1098 2319 inquit.

108 2328 247 2362 Solvite
266 2339 335 2371 1116,
358 2328 462 2372 pueri
480 2341 488 2370 ;
517 2328 605 2362 satis
625 2331 680 2361 est
699 2329 860 2371 potuisse
878 2328 1003 2362 videri.

108 2380 289 2425 Carmina,
312 2391 395 2425 quae
414 2380 538 2425 vultis,
562 2381 765 2425 cognoscite
782 2394 791 2423 ς
820 2381 979 2415 carmina
998 2380 1114 2425 vobis,

1411 220 1438 240 80

1410 768 1437 789 90

1403 1586 1431 1608 10

1405 1838 1431 1861 15
