1559 2584
589 104 776 134 ‘VIRGILII
804 103 960 133 AENEIS.

215 193 336 228 AEnea
354 192 535 237 veniente,
560 193 617 227 sui
634 206 641 228 :
670 193 773 227 dedit
792 193 899 227 obvia
916 193 1013 226 ferro

214 247 369 281 Pectora
386 260 394 288 ;
422 258 489 280 nec
508 245 639 280 misero
658 246 776 290 clypei
795 257 896 280 mora
913 245 1052 290 profuit
1071 244 1163 280 aerei.

214 299 264 334 Te
283 311 429 344 quoque
448 300 650 333 Laurentes
667 297 852 342 viderunt,
875 297 994 342 AEole,
1018 298 1136 342 campi

215 352 408 397 Oppetere,
430 355 468 386 et
485 352 560 386 late
578 355 713 386 terram
733 354 963 386 consternere
980 353 1083 394 tergo
1100 364 1109 392 ;

215 405 369 449 Occidis,
391 404 540 449 Argivae
560 417 669 449 quem
688 415 762 438 non
780 405 930 449 potuere
948 404 1145 448 phalanges

215 459 395 502 Sternere,
417 469 484 492 nec
504 458 641 492 Priami
658 469 853 502 regnorum
872 469 1015 491 eversor
1034 457 1203 491 Achilles.

213 512 287 545 Hic
305 511 375 545 tibi
392 510 521 545 mortis
540 513 644 545 erant
663 514 772 544 metae
790 523 798 552 3
826 510 958 544 domus
976 510 1052 544 alta
1071 510 1138 544 sub
1157 510 1238 554 Ida,

213 564 384 608 Lyrnessi
403 564 533 598 domus
552 564 627 598 alta
645 577 652 605 ;
681 564 757 598 solo
777 564 959 598 Laurente
977 563 1192 607 sepulcriun.

215 618 315 652 Tot-212.
335 618 426 652 adeo
446 629 628 652 conversae
647 617 753 659 acies,
775 628 973 661 omnesque
992 616 1129 659 Latini,

213 670 349 704 Omnes
368 670 610 711 Dardanidae3
639 669 868 713 Mnestheus,
891 681 1043 713 acerque
1063 669 1240 713 Serestus,

212 723 262 757 Et
282 724 485 768 Messapus,
508 724 645 767 equum
663 723 834 766 domitor,
856 726 893 757 et
911 722 1016 756 fortis
1036 722 1178 766 Asylas,

213 777 485 821 Tuscorumque
504 777 676 821 phalanX,
699 776 934 820 Evandrique
953 776 1105 809 Arcadis
1123 776 1200 809 alae.

212 829 285 864 Pro
305 842 343 864 se
362 830 516 875 quisque
535 829 604 863 viri
623 831 767 863 summa
784 829 958 863 nituntur
975 840 1086 873 opum
1106 828 1162 863 vi:

212 882 293 917 Nec
311 895 424 926 mora,
446 895 513 917 nec
531 883 692 927 requies:
721 884 826 916 vasto
845 882 1040 916 certamine
1059 881 1228 916 tendunt.

266 936 340 970 Hic
359 939 520 970 mentem
540 936 670 969 AEneae
689 935 848 980 genitrix
868 935 1110 979 pulcherrima
1128 935 1240 976 misit,

213 989 290 1023 Iret
309 991 352 1023 ut
371 989 418 1023 ad
437 1000 573 1032 muros,
592 989 748 1032 urbique
767 989 974 1022 adverteret
989 999 1118 1032 agmen

214 1042 348 1086 Ocyus,
371 1045 408 1076 et
428 1043 551 1076 subita
569 1042 736 1075 turbaret
755 1041 855 1075 clade
875 1041 1032 1075 Latinos,

214 1095 282 1129 Ille
301 1098 357 1138 ut,
379 1095 564 1139 vestigans
583 1094 726 1128 diversa
745 1106 809 1138 per
827 1094 972 1138 agmina
991 1094 1169 1138 Turnum,

217 1148 300 1182 Huc
318 1151 430 1192 atque
449 1148 520 1181 huc
536 1148 629 1181 acies
649 1147 887 1191 circumtulit,
910 1147 1039 1192 aspicit
1058 1147 1188 1181 urbem

215 1201 424 1235 Immunem
442 1201 539 1235 tanti
557 1201 657 1244 belli,
679 1203 790 1245 atque
809 1200 958 1245 impune
978 1200 1150 1245 quietam.

215 1255 399 1288 Continuo
418 1265 550 1298 pugnae
570 1254 735 1287 accendit
754 1254 901 1298 majoris
919 1254 1058 1298 imago:

214 1308 422 1351 Mnesthea,
445 1307 728 1351 Sergestumque
747 1309 865 1350 vocat,
886 1307 1091 1351 fortemque
1111 1306 1307 1351 Serestum,

212 1361 406 1404 Ductores,
422 1361 683 1404 tumulumque
703 1360 811 1404 capit,
835 1371 907 1405 quo
927 1363 1046 1394 cetera
1065 1360 1245 1394 Teucrum

214 1414 407 1448 Concurrit
428 1414 533 1458 legio,
558 1425 624 1447 nec
644 1415 747 1447 scuta
765 1417 831 1447 aut
851 1414 989 1458 spicula
1007 1414 1112 1447 densi

213 1467 416 1511 Deponunt
433 1480 439 1502 :
469 1467 564 1500 celso
583 1466 725 1500 medius
744 1469 845 1500 stans
865 1479 993 1511 aggere
1012 1467 1112 1500 fatur
1129 1479 1136 1501 :

215 1522 241 1538 “
255 1521 314 1554 Ne
335 1532 408 1564 qua
426 1521 516 1554 meis
535 1523 612 1554 esto
632 1519 740 1553 (lictis
758 1531 859 1553 mora
874 1533 883 1560 3
912 1520 1062 1564 Jupiter
1080 1520 1147 1553 hac
1167 1523 1241 1554 stat
1258 1531 1266 1556 :

180 1592 184 1595 <
213 1573 299 1607 Neu
320 1573 403 1618 quis
422 1574 468 1606 ob
487 1573 675 1617 inceptum
696 1569 870 1606 subitum‘
879 1573 970 1606 mihi
990 1574 1132 1617 segnior
1150 1573 1212 1608 ito.

213 1626 352 1660 Urbem
371 1626 492 1670 hodie,
516 1637 660 1660 causam
681 1626 780 1669 belli,
802 1637 914 1670 regna
931 1627 1009 1670 ipsa
1029 1626 1163 1670 Latini,

212 1679 250 1713 N
254 1682 265 1713 i
285 1680 440 1713 fraenum
460 1679 620 1723 accipere
639 1681 676 1712 et
696 1679 785 1712 victi
803 1691 928 1723 parere
946 1680 1123 1723 fatentur,

211 1733 360 1776 Eruam,
384 1735 420 1766 et
440 1744 546 1776 aequa
566 1732 641 1766 solo
662 1733 844 1766 fumantia
863 1733 1022 1766 culmina
1041 1744 1185 1777 ponam.

215 1786 359 1820 Scilicet
379 1788 599 1829 exspectem,
622 1785 735 1819 libeat
755 1785 843 1819 dum
863 1786 988 1830 praelia
1006 1786 1129 1819 Turno

211 1839 341 1873 Nostri
360 1838 449 1883 pati,
472 1850 671 1882 rursusque
690 1838 780 1872 velit
800 1849 1014 1873 concurrere
1033 1839 1180 1873 victus?

212 1892 294 1926 Hoc
314 1895 436 1936 caput,
459 1903 480 1926 0
500 1890 609 1935 cives,
631 1891 709 1925 haec
729 1892 815 1926 belli
834 1904 976 1926 summa
994 1893 1145 1926 nefandi
1163 1904 1170 1927 :

210 1945 319 1979 Ferte
339 1946 434 1979 faces
453 1957 616 1989 propere,
639 1945 833 1989 foedusque
852 1946 1028 1989 reposcite
1049 1944 1230 1980 flammis.'

209 1999 363 2032 Dixerat
381 2012 388 2040 ;
418 2001 530 2042 atque
549 1998 680 2032 animis
700 1998 837 2042 pariter
857 1999 1081 2032 certantibus
1100 2010 1225 2033 onmes

209 2052 309 2086 Dant
330 2063 498 2094 cuneum,
522 2051 707 2096 densaque
727 2052 775 2085 ad
793 2064 916 2086 muros
935 2053 1030 2085 mole
1050 2053 1228 2086 feruntur.

210 2105 324 2139 Scalae
344 2104 554 2148 improviso,
577 2104 794 2149 subitusque
814 2105 983 2149 apparuit
1002 2106 1096 2149 ignis
1114 2118 1121 2139 :

207 2159 429 2192 Discurrunt
448 2158 510 2191 alii
530 2157 576 2191 ad
596 2160 732 2201 portas,
755 2158 962 2203 primosque
981 2158 1187 2199 tmci(lant;

208 2211 361 2245 Ferrum
381 2211 443 2244 alii
461 2214 650 2254 torquent,
673 2214 710 2245 ct
730 2211 952 2245 obumbrant
971 2211 1108 2245 aethera
1126 2211 1218 2245 telis,

208 2265 292 2309 Ipse
312 2264 408 2297 inter
428 2264 563 2307 primos
583 2264 753 2298 dextram
772 2264 840 2298 sub
859 2265 994 2298 moenia
1013 2265 1135 2298 tendit

208 2318 359 2361 AEneas,
382 2318 586 2360 magnaque
605 2317 748 2351 incusat
768 2329 854 2352 voce
870 2318 1064 2359 Latinum;

207 2371 451 2414 Testaturque
471 2370 580 2414 Deos,
602 2369 736 2404 iterum
756 2382 793 2404 se
812 2371 859 2404 ad
878 2371 1003 2415 praelia
1022 2370 1100 2415 cogi
1116 2384 1124 2412 ;

1232 1945 1242 1962 ²

1385 188 1430 211 6⁴0

1387 454 1429 474 545·

1388 718 1431 739 5250

1390 1251 1430 1271 550

1390 1517 1431 1537 :155

1389 1783 1432 1807 ⁵70

1389 2314 1430 2334 fist}
