1528 2569
635 104 768 131 Lrssnn
796 103 860 130 111.
1345 97 1398 133 49

195 193 511 238 Hippodameque,
531 191 754 237 humeroque
774 192 906 236 Pelops
924 191 1075 235 insignis
1094 191 1244 236 eburno,

195 247 289 281 Acer
306 246 434 290 equis?
487 246 676 279 Tentanda
695 246 754 279 via
772 248 839 288 est,
863 247 935 289 qua
952 257 1010 278 me
1030 256 1174 288 quoque
1193 245 1326 289 possim

195 300 334 333 Tollere
353 300 479 342 humo,
501 299 688 342 victorque
707 298 828 332 virum
846 297 998 331 volitare
1017 309 1081 341 per
1100 309 1170 332 ora.

198 352 342 386 Primus
361 363 425 396 ego
443 352 482 385 in
500 352 655 395 patriam
672 363 825 393 mecum,
848 351 955 384 modo
975 350 1051 384 vita
1069 350 1238 395 supersit,

194 406 312 439 Aonio
331 405 473 438 rediens
493 405 670 438 deducam
688 404 822 438 vertice
842 403 968 437 Musas
985 416 994 445 3

193 458 339 492 Primus
358 458 539 491 Idumaeas
557 457 710 490 referam
728 457 808 499 tibi,
832 456 1000 499 Mantua,
1022 455 1160 500 palmas
1176 468 1187 498 ;

194 511 245 545 Et
263 510 371 545 viridi
388 511 426 543 in
446 521 571 554 campo
589 510 768 553 templum
787 509 831 543 de
851 518 1027 542 marmore
1046 520 1191 552 ponam,

194 564 349 608 Propter
366 575 509 607 aquam,
532 563 647 596 tardis
665 563 793 606 ingens
812 562 876 595 ubi
895 562 1049 595 flexibus
1069 564 1167 595 errat

194 617 367 659 Mincius,
389 619 426 649 et
445 618 571 649 tenera
589 616 759 659 praetexit
779 614 957 649 arundine
976 615 1080 658 ripas.

194 670 241 703 In
259 669 379 702 medio
397 668 488 702 mihi
506 668 625 702 Caesar·
643 668 723 711 erit,
745 668 996 711 templumque
1014 667 1165 701 tenebit.

192 721 255 756 Illi
273 722 388 756 victor
405 733 484 765 ego,
506 723 542 754 et
562 720 669 764 Tyrio
689 722 901 764 conspectus
919 720 958 753 in
977 723 1086 763 ostro,

194 774 351 808 Centum
370 774 605 818 quadrijugos
624 773 768 817 agitabo
787 772 833 806 ad
852 772 1004 806 fiumina
1022 784 1156 806 currus.

194 828 335 862 Cuncta
352 827 454 870 mihi,
476 827 660 870 Alpheum
677 826 847 869 linquens
865 825 1037 869 lucosque
1056 824 1247 869 Molorchi,

193 880 366 915 Cursibus
385 883 422 913 et
441 880 551 913 crudo
570 880 740 913 decernet
759 879 898 912 Graecia
917 881 1039 912 caestu.

193 933 289 977 Ipse,
312 935 420 977 caput
439 935 555 966 tonsae
572 932 669 966 foliis
688 934 838 966 ornatus
856 931 975 974 olivae,

192 986 300 1021 Dona
316 987 440 1020 feram.
499 985 526 1018 J
527 997 586 1019 am
603 996 702 1019 nunc
720 985 898 1018 solemnes
917 984 1047 1018 ducere
1066 996 1215 1029 pompas

193 1039 254 1073 Ad
273 1039 424 1073 delubra
438 1039 558 1083 juvat,
581 1049 761 1082 caesosque
781 1037 903 1071 videre
918 1037 1096 1081 juvencos
1115 1051 1124 1079 ;

195 1092 267 1126 Vel
285 1104 391 1126 scena
408 1095 451 1125 ut
470 1091 582 1125 versis
601 1091 763 1124 discedat
780 1091 975 1133 frontibus,
996 1093 1113 1134 utque

194 1145 384 1189 Purpurea
402 1145 538 1178 intexti
555 1145 690 1178 tollant
707 1144 823 1177 aulaea
842 1143 1021 1177 Britanni.

194 1198 240 1232 In
259 1198 396 1232 foribus
414 1209 575 1241 pugnam
593 1209 639 1230 ex
657 1208 746 1230 auro
766 1197 953 1240 solidoque
973 1196 1168 1239 elephanto

194 1251 442 1295 Gangaridum
460 1250 603 1293 faciam,
624 1250 843 1293 Victorisque
863 1261 963 1283 arma
982 1249 1124 1290 Quirini
1144 1262 1152 1291 3

193 1305 318 1348 Atque
336 1304 396 1337 hie
412 1303 616 1337 undantem
634 1303 742 1346 bello,
764 1314 1009 1346 magnumque
1030 1303 1204 1336 fluentem

192 1356 335 1400 Nilum,
357 1368 398 1390 ac
417 1356 539 1389 navali
557 1357 745 1399 surgentes
764 1367 834 1389 aere
854 1355 1046 1389 columnas.

194 1410 340 1445 Addam
358 1409 466 1443 urbes
484 1409 582 1442 Asiae
601 1408 770 1451 domitas,
792 1408 1011 1452 pulsumque
1031 1407 1233 1452 Niphaten,

193 1463 460 1506 Fidentemque
479 1462 568 1505 fuga
587 1462 768 1495 Parthum
787 1461 971 1505 versisque
988 1461 1143 1504 sagittis,

193 1516 243 1550 Et
262 1516 335 1549 duo
353 1518 458 1559 rapta
475 1527 588 1548 manu
606 1515 749 1548 diverso
768 1526 813 1547 ex
832 1514 935 1547 hoste
954 1516 1103 1557 tropaea,

194 1568 329 1613 Bisque
347 1568 590 1611 triumphatas
609 1570 766 1611 utroque
785 1567 830 1600 ab
849 1567 973 1600 littore
992 1569 1131 1610 gentes-

194 1622 353 1656 Stabunt
372 1624 409 1655 et
428 1621 527 1654 Parii
544 1620 694 1664 lapides,
718 1620 892 1664 spirantia
911 1621 1022 1664 signa,

194 1674 361 1709 Assaraci
379 1674 508 1718 proles,
531 1674 768 1717 demissaeque
787 1673 832 1706 ab
851 1673 946 1707 Jove
965 1673 1083 1716 gentis

193 1728 367 1770 Nomina,
389 1727 549 1770 Trosque
567 1738 708 1770 parens,
731 1728 767 1760 et
788 1726 905 1770 Trojee
926 1725 1105 1770 Cynthius
1124 1728 1259 1760 auctor.

193 1780 340 1815 Invidia
357 1780 486 1813 infelix
506 1780 633 1813 Fiuias
648 1791 863 1823 amnemque
883 1791 1049 1813 severum

194 1833 324 1878 Cocyti
340 1836 492 1876 metuet,
514 1835 703 1876 tortosque
723 1832 863 1865 Ixionis
882 1844 1029 1876 angues,

194 1886 470 1930 Immanemque
488 1888 618 1929 rotam,
641 1888 678 1919 et
697 1897 772 1918 non
791 1885 1039 1929 exsuperabile
1059 1895 1197 1918 saxum.

247 1939 394 1973 Interea
412 1939 605 1983 Dryadum
624 1939 743 1982 sylvas
763 1939 950 1982 saltusque
971 1949 1169 1982 sequamur

194 1992 371 2035 Intactos,
392 1994 469 2034 tua,
492 1992 687 2034 Maecenas,
709 1991 808 2025 haud
828 1991 952 2025 mollia
966 1991 1077 2035 jussa.

194 2045 244 2078 Te
263 2045 340 2079 sine
359 2045 413 2078 nil
430 2044 548 2078 altum
567 2056 668 2077 mens
687 2044 834 2078 inchoat
856 2056 863 2078 ε
892 2056 936 2077 en
958 2056 1032 2088 age,
1058 2055 1183 2087 segnes

195 2098 340 2142 Rumpe
358 2109 476 2131 moras
494 2109 500 2131 :
530 2099 634 2130 vocat
653 2097 793 2140 ingenti
812 2097 964 2130 clamore
985 2097 1183 2137 Cithaeron„

195 2150 417 2195 Taygetique
437 2161 553 2193 canes,
577 2150 820 2193 domitrixque
840 2150 1047 2193 Epidaurus
1069 2161 1246 2192 equorum
1267 2161 1276 2190 ;

194 2204 244 2238 Et
263 2216 336 2238 vox
355 2215 504 2238 assensu
522 2214 713 2236 nemorum
732 2203 954 2246 ingeminata
972 2203 1139 2246 remugit.

195 2257 287 2290 Mox
304 2259 428 2290 tamen
446 2256 615 2290 ardentes
634 2256 799 2300 accingar
817 2256 933 2289 dicere
952 2268 1092 2299 pugnas

198 2310 361 2353 Caesaris,
384 2312 420 2343 et
439 2321 571 2343 nomen
591 2309 688 2342 fama
707 2311 764 2342 tot
783 2309 876 2342 ferre
895 2320 959 2353 per
977 2320 1104 2352 annos,

196 2363 344 2397 Tithoni
361 2363 480 2407 prima
499 2364 589 2406 quot
608 2362 709 2396 abest
728 2363 774 2396 ob
794 2362 932 2406 origine
952 2362 1078 2396 Caesar.

1382 347 1406 367 10

1383 612 1407 633 15

1383 1670 1410 1690 35

1385 1935 1412 1954 4ss
