1528 2569
666 48 801 76 LIBER
831 48 922 76 VIII.

245 137 425 171 Concessu
443 148 574 181 cavete,
595 137 736 182 magnis
756 136 984 172 Circensibus
1002 134 1103 179 actis,

244 189 449 224 Addiderat
465 203 474 232 ;
503 189 695 234 subitoque
714 202 852 224 novum
870 201 1083 234 consurgere
1101 188 1238 223 bellum

246 242 464 287 Romulidis,
485 243 661 287 Tatioque
680 243 768 286 seni,
792 243 1017 287 Curibusque
1036 242 1179 277 severis.

245 295 335 329 Post
354 295 464 339 idem,
486 296 584 329 inter
603 307 640 329 se
658 296 775 340 posito
795 295 1002 339 certamine,
1023 306 1124 339 reges

245 348 389 382 Armati
406 348 434 382 J
435 347 513 382 ovis
532 351 617 382 ante
637 360 749 392 aram,
770 350 984 392 paterasque
1003 350 1170 382 tenentes

246 401 414 444 Stabant,
436 403 472 435 et
492 403 583 435 caesa
598 401 804 445 jungebant
823 401 961 435 foedera
979 403 1097 445 porca.

245 453 359 487 Haud
379 454 504 498 procul
521 454 607 488 inde
626 454 708 488 citae
727 454 886 488 Metium
904 454 944 487 in
963 453 1105 487 diversa
1125 451 1310 498 quadrigae

244 506 475 540 Distulerant
494 507 546 552 (at
564 509 607 540 tu
626 507 745 550 dictis,
767 507 922 550 Albane,
944 518 1107 540 maneres
1124 507 1161 551 !),

244 559 503 604 Raptabatque
522 559 591 593 viri
610 560 794 594 mendacis
813 560 951 594 viscera
970 559 1097 592 Tullus

246 612 319 646 Per
336 612 489 656 sylvam,
512 615 549 646 et
569 612 681 656 sparsi
699 613 869 646 rorabant
888 612 1061 656 sanguine
1080 623 1215 655 vepres.

244 663 283 698 N
285 676 325 698 ec
343 676 417 698 non
436 665 674 709 Tarquinium
692 665 849 709 ejectum
869 666 1028 698 Porsena
1043 665 1197 708 jubebat

245 717 430 761 Accipere,
452 718 664 761 ingentique
683 718 810 751 urbem
829 717 1015 751 obsidione
1033 717 1221 760 premebat
1238 729 1245 752 :

245 770 424 803 AEneadae
442 770 480 803 in
499 770 635 803 ferrum
654 782 719 813 pro
737 770 905 803 libertate
923 770 1079 803 ruebant
1098 782 1104 803 :

246 822 360 856 Illum
377 822 585 867 indignanti
605 823 770 866 similem,
794 823 1019 866 similemque
1038 822 1194 855 minanti

244 875 432 920 Aspiceres
449 889 458 917 ;
485 878 633 920 pontem
652 876 802 909 auderet
821 875 920 919 quod
941 875 1071 909 vellere
1091 875 1228 918 Cocles,

245 927 295 962 Et
314 928 466 961 fluvium
488 928 614 962 vinclis
633 928 776 962 innaret
796 928 923 962 Cloelia
940 928 1068 971 ruptis.

245 980 292 1014 In
312 993 453 1015 summo
473 984 593 1015 custos
612 981 771 1025 Tarpeiae
791 981 953 1014 Manlius
971 980 1062 1014 arcis

247 1033 375 1068 Stabat
394 1046 458 1078 pro
476 1034 624 1078 templo,
646 1037 683 1067 et
704 1034 882 1078 Capitolia
902 1034 995 1067 celsa
1015 1033 1163 1067 tenebat
1178 1046 1188 1076 ;

245 1085 497 1130 Romuleoque
516 1098 640 1120 recens
658 1087 828 1121 horrebat
846 1086 944 1130 regia
963 1087 1092 1120 culmo.

246 1139 371 1183 Atque
390 1139 448 1173 ln'c
467 1140 603 1173 auratis
622 1140 778 1174 volitans
797 1142 989 1184 argenteus
1007 1150 1113 1172 anser

246 1191 465 1235 Porticibus,
489 1192 612 1226 Gallos
630 1192 670 1226 in
688 1193 813 1226 limine
832 1192 956 1226 adesse
976 1192 1128 1225 canebat
1144 1204 1153 1233 3

248 1244 346 1279 Galli
364 1257 427 1289 per
447 1246 576 1279 dumos
595 1245 758 1289 aderant,
781 1257 970 1290 arcemque
989 1245 1177 1288 tenebant,

245 1297 397 1331 Defensi
414 1298 574 1332 tenebris
593 1301 629 1332 et
649 1298 745 1332 dono
763 1298 879 1332 noctis
898 1309 1018 1342 opacae
1037 1310 1044 1332 :

246 1351 368 1384 Aurea
387 1351 547 1384 caesaries
567 1350 657 1394 ollis,
681 1354 791 1395 atque
810 1362 919 1385 aurea
940 1351 1048 1385 vestis
1065 1363 1074 1392 ;

247 1403 410 1447 Virgatis
428 1404 553 1437 lucent
572 1404 705 1447 sagulis
722 1417 729 1444 ;
758 1407 839 1437 tum
858 1404 974 1437 lactea
993 1403 1084 1437 colla

247 1456 348 1489 Auro
367 1457 606 1490 innectuntur
623 1469 630 1498 3
660 1457 733 1490 duo
752 1457 906 1500 quisque
925 1456 1060 1500 Alpina
1079 1457 1268 1490 coruscant

247 1509 354 1542 Gaesa
372 1520 495 1552 manu,
519 1509 630 1543 scutis
648 1509 803 1553 protecti
823 1521 970 1553 corpora
988 1509 1115 1552 longis.

247 1561 320 1595 Hic
338 1562 565 1596 exsultantes
585 1562 713 1606 Salios,
734 1562 924 1606 nudosque
945 1562 1137 1605 Lupercos,

247 1614 513 1659 Lanigerosque
532 1615 662 1658 apices,
685 1618 721 1649 et
739 1615 840 1659 lapsa
858 1615 989 1648 ancilia
1008 1615 1099 1648 coelo

247 1667 454 1702 Extuderat
471 1681 478 1702 :
507 1670 616 1701 castae
635 1668 818 1702 ducebant
837 1679 936 1701 sacra
954 1679 1018 1711 per
1036 1668 1164 1701 urbem

248 1719 403 1754 Pilentis
422 1723 555 1754 matres
573 1721 612 1754 iu
630 1721 810 1754 mollibus.
872 1720 971 1753 Hinc
989 1720 1115 1763 procul
1133 1719 1236 1754 addit

248 1773 436 1806 Tartareas
454 1773 564 1806 etiam
583 1773 697 1816 sedes,
719 1774 793 1807 alta
812 1773 904 1806 ostia
923 1772 1021 1806 Ditis
1038 1785 1046 1814 ;

249 1825 298 1859 Et
317 1826 492 1859 scelerum
511 1837 637 1869 poenas
654 1838 663 1867 3
692 1828 728 1859 et
746 1828 796 1869 tc,
819 1825 990 1869 Catilina,
1011 1824 1144 1858 minaci

248 1878 477 1912 Pendentem
497 1879 656 1922 scopulo,
679 1879 947 1922 Furiarumque
966 1889 1029 1911 ora
1047 1880 1268 1912 trementem
1286 1890 1294 1913 :

250 1930 484 1975 Secretosque
504 1931 582 1974 pios
598 1944 607 1973 3
635 1931 692 1964 his
711 1931 859 1964 dantem
874 1931 958 1975 jura
978 1930 1162 1965 Catonem.

249 1983 341 2017 Haec
360 1984 457 2017 inter
474 1984 609 2017 tumidi
625 1984 698 2017 late
717 1983 825 2017 maris
843 1983 920 2017 ibat
939 1983 1056 2027 imago

249 2036 371 2070 Aurea
388 2049 396 2077 3
426 2036 488 2069 sed
507 2037 623 2070 fluctu
643 2037 861 2080 spumabant
881 2036 1015 2070 coerula
1034 2046 1122 2069 cano
1140 2048 1148 2071 ε

248 2089 297 2122 Et
317 2090 452 2123 circum
470 2092 620 2133 argento
640 2090 725 2122 clari
744 2089 933 2133 delphines
952 2088 991 2122 in
1010 2089 1134 2122 orbem

250 2141 417 2186 AEquora
436 2142 628 2176 verrebant
648 2142 783 2186 caudis,
806 2146 1008 2186 aestumque
1028 2141 1208 2177 secabant.

250 2194 295 2227 In
315 2194 434 2228 medio
455 2195 584 2228 classes
603 2198 743 2238 aeratas,
766 2195 873 2228 Actia
890 2195 997 2237 bella,

251 2246 403 2281 Cernere
423 2250 500 2281 erat
518 2261 525 2289 ;
553 2250 747 2292 totumque
766 2248 944 2281 instructo
964 2247 1085 2281 Marte
1104 2246 1246 2280 videres

251 2299 405 2334 Fervere
423 2299 620 2345 Leucaten,
643 2312 804 2345 auroque
823 2300 993 2345 effulgere
1013 2300 1154 2334 fluctus.

1369 37 1443 75 151

1409 344 1451 366 ⁶40

1411 608 1451 628 645

1411 871 1453 892 650

1411 1135 1453 1157 65⁵

1411 1399 1455 1420 660

1413 1664 1455 1684 665

1413 1927 1457 1952 670

1414 2191 1456 2216 675
