1528 2569
649 76 782 104 LIBER
812 75 857 104 11.
1358 65 1410 104 2²2,

208 165 288 200 Nec
306 163 429 200 dulces
446 165 552 198 natos
571 165 856 208 exoptatumque
874 165 1062 207 parentem
1078 175 1088 205 ς

209 218 308 259 Quos
324 217 379 252 illi
396 216 470 251 fors
489 217 535 251 ad
553 228 679 261 poenas
698 217 744 250 ob
763 219 886 250 nostra
904 218 1094 260 reposcent

209 271 364 315 Effugia,
386 272 423 304 et
442 270 585 314 culpam
603 270 697 304 hanc
716 269 928 303 miserorum
946 271 1062 303 morte
1080 268 1243 313 piabunt.
1375 266 1415 288 ¹⁴⁰

210 324 317 365 Quod
336 326 385 366 te,
407 335 472 367 per
491 334 638 366 superos
657 324 694 355 et
713 323 854 356 conscia
872 322 1024 355 numina
1042 322 1119 355 veri
1136 335 1144 363 3

210 377 293 420 Per,
316 377 346 410 si
364 387 437 420 qua
456 379 523 419 est,
546 388 628 420 quae
646 379 760 410 restat
779 375 897 409 adhuc
915 375 1129 408 mortalibus
1147 386 1312 420 usquam=

210 431 435 464 Intemerata
453 429 542 462 fides
559 442 567 471 3
596 441 670 470 oro,
692 429 861 462 miserere
879 428 1044 461 laborum

210 483 411 517 Tantorum
430 496 437 523 ;
466 483 633 516 miserere
652 482 763 516 animi
782 493 856 514 non
876 481 986 524 digna
1004 481 1191 515 serentis.⁷’
1342 500 1346 514 ι

266 536 336 569 His
354 536 522 579 lacrymis
541 536 654 569 vitam
674 536 801 568 damus
820 537 857 568 et
876 534 1138 567 miserescimus
1156 534 1263 568 ultro.

215 590 297 633 Ipse
316 589 394 622 viro
413 589 551 632 primus
570 588 729 621 manicas
748 590 858 631 atque
878 589 976 620 arcta
995 587 1108 620 levari

213 642 345 675 Vincla
359 642 466 685 jubet
486 641 665 683 Priamus,
687 639 866 683 dictisque
885 639 938 672 ita
956 639 1056 672 fatur
1074 639 1196 673 amicis
1215 652 1221 673 ς

217 697 242 714 “
259 694 431 738 Quisquis
450 705 499 737 es,
521 694 669 727 amissos
687 693 771 726 hine
786 693 863 736 jam
882 692 1091 725 obliviscere
1112 691 1239 725 Graios
1259 705 1267 733 3

214 748 350 782 Noster
368 747 437 780 eris
456 759 465 788 3
492 746 655 790 mihique
674 746 752 779 haec
770 745 924 778 edissere
943 756 1028 778 vera
1046 745 1190 788 roganti
1208 758 1214 778 :

215 801 295 842 Quo
313 800 446 833 molem
464 799 558 832 hanc
571 799 739 832 immanis
759 798 844 842 equi
863 797 1022 831 statuere
1037 797 1049 831 2
1077 798 1158 841 quis
1177 797 1324 832 auctor?

214 853 356 895 Quidve
375 852 535 897 petunt?
563 864 646 896 quae
664 851 789 895 religio
807 851 818 884 2
846 853 910 884 aut
929 862 1011 894 quae
1030 851 1196 884 machina
1215 851 1301 885 belli
1317 850 1360 885 2³⁷

214 907 376 940 Dixerat.
435 905 516 949 Ille,
538 905 630 938 dolis
647 905 849 938 instructus
869 906 906 937 et
925 906 1002 937 arte
1022 904 1187 948 Pelasga,

216 959 373 994 Sustulit
392 961 520 992 exutas
537 958 667 992 vinclis
685 958 730 992 ad
750 957 867 990 sidera
884 957 1023 1000 palmas
1041 969 1048 990 t

219 1015 244 1031 “
258 1013 347 1055 Vos,
369 1011 497 1046 aeterni
515 1012 628 1055 ignes,
651 1014 687 1044 et
707 1022 781 1044 non
800 1010 968 1043 violabile
987 1012 1149 1043 vestrum

217 1067 344 1099 Testor
361 1065 534 1107 numen‚''
555 1065 619 1107 ait,
644 1066 669 1082 ‘⁶
684 1075 758 1107 vos,
780 1075 852 1097 arae
871 1075 1045 1106 ensesque
1064 1063 1214 1097 nefandi

219 1120 317 1159 Quos
335 1119 431 1162 fugi3
459 1119 636 1161 vittaeque
655 1118 775 1150 Deum
794 1128 883 1160 quas
898 1116 1017 1149 hostia
1035 1116 1127 1160 gessi
1147 1130 1155 1158 ;

218 1172 287 1206 Fas
306 1171 396 1205 mihi
416 1170 608 1204 Graiorum
623 1173 761 1204 sacrata
778 1169 956 1203 resolvere
971 1169 1067 1213 jura,

219 1225 289 1258 Fas
308 1224 424 1258 odisse
443 1224 551 1266 viros,
574 1226 684 1267 atque
704 1222 825 1256 omnia
843 1223 934 1256 ferre
955 1221 1021 1255 sub
1040 1234 1146 1256 auras

220 1278 256 1311 Si
277 1289 349 1322 qua
366 1279 498 1321 tegunt
516 1290 524 1317 3
551 1279 678 1310 teneor
695 1276 822 1320 patriae
842 1287 908 1309 nec
926 1275 1066 1319 legibus
1084 1275 1179 1309 ullis.

218 1331 273 1364 Tu
293 1330 401 1363 modo
419 1330 601 1374 promissis
619 1341 776 1372 maueaS,
799 1331 1012 1372 servataque
1032 1339 1150 1362 serves
1386 1327 1424 1348 ¹⁶⁰

218 1384 325 1428 Troja
343 1383 452 1416 fidem
470 1396 477 1424 3
506 1383 536 1415 si
554 1394 639 1416 vera
656 1382 781 1424 feram,
804 1381 834 1415 si
852 1393 984 1424 magna
1000 1381 1265 1424 rependam.—

219 1437 346 1470 Omnis
365 1447 444 1480 spes
463 1436 644 1478 Danaum,
666 1438 702 1468 et
723 1434 832 1478 coepti
851 1434 983 1468 fiducia
1001 1434 1089 1467 belli

219 1489 379 1523 Palladis
398 1488 543 1522 auxiliis
562 1499 702 1531 semper
721 1487 833 1521 stetit.
896 1487 1036 1531 Impius
1057 1499 1101 1520 ex
1121 1499 1193 1531 quo

219 1542 377 1586 Tydides
396 1541 459 1575 sed
478 1542 587 1585 enim,
610 1541 859 1584 scelerumque
878 1541 1049 1574 inventor
1068 1540 1208 1585 Ulixes,

218 1595 344 1629 Fatale
363 1594 520 1638 aggressi
540 1597 678 1628 sacrato
698 1594 853 1627 avellere
872 1594 1010 1637 templo
1388 1592 1426 1613 ¹⁵⁵

219 1648 438 1691 Palladium,
461 1647 561 1681 caesis
580 1659 732 1681 summae
751 1646 963 1680 custodibus
983 1647 1084 1690 arcis,

218 1700 429 1745 Corripuere
448 1711 585 1734 sacram
604 1701 755 1744 effigiem
777 1713 783 1734 z
812 1700 1052 1743 manibusque
1071 1699 1230 1734 cruentis

216 1754 408 1798 virgineas
425 1753 504 1787 ausi
521 1753 627 1787 Divae
645 1753 852 1797 contingere
870 1753 983 1786 vittas
1001 1765 1010 1793 ;
1039 1793 1045 1798 ,

219 1807 277 1840 Ex
296 1807 359 1840 illo
378 1807 490 1840 fluere
510 1818 550 1840 ac
569 1810 667 1840 retro
687 1807 855 1849 sublapsa
874 1806 999 1839 referri

219 1860 306 1904 Spes
326 1860 507 1902 Danaum,
528 1860 654 1893 fractae
675 1860 781 1902 vires,
804 1870 928 1892 aversa,
947 1858 1035 1892 Deae
1055 1870 1165 1893 mens.
1390 1857 1429 1881 ¹⁷⁸⁴

219 1913 257 1946 N
259 1925 299 1947 ec
318 1913 439 1946 dubiis
460 1924 501 1946 ea
520 1913 622 1956 signa
641 1911 744 1945 dedit
760 1911 923 1945 Tritonia
942 1912 1139 1946 monstris:

218 1966 293 1999 Vix
311 1966 471 2010 positum
491 1965 617 1999 castris
635 1965 868 1999 simulacrum
886 1978 893 2005 ;
922 1964 1039 1998 arsere
1059 1976 1213 1999 coruscae

218 2019 436 2052 Luminibus
456 2019 609 2052 flammae
630 2018 787 2060 arrectis,
811 2018 997 2061 salsusque
1017 2029 1080 2061 per
1099 2020 1201 2051 artus

219 2072 338 2106 Sudor
355 2072 411 2116 iit,
434 2074 563 2115 terque
583 2071 660 2115 ipsa
679 2071 754 2104 solo
775 2070 953 2115 (mirabile
975 2071 1075 2103 dictu
1095 2073 1100 2104 ἕ
1117 2072 1131 2115 )

218 2125 390 2168 Emicuit,
412 2136 645 2169 parmamque
665 2125 784 2157 ferens
803 2124 1017 2167 hastamque
1037 2126 1265 2158 trementem.

217 2177 412 2222 Extemplo
430 2178 608 2211 tentanda
626 2176 714 2221 fuga
733 2176 830 2210 canit
849 2188 995 2221 aequora
1015 2176 1176 2220 Calchas,

218 2230 297 2264 Neo
315 2242 419 2275 posse
443 2231 616 2274 Argolicis
636 2230 798 2264 exscindi
818 2230 994 2274 Pergama
1013 2230 1095 2263 telis
1114 2243 1122 2271 ;

218 2284 349 2318 Omnia
368 2287 405 2318 ni
424 2286 592 2328 repetant
612 2284 730 2327 Argis,
752 2294 959 2327 numenque
978 2283 1168 2325 reducant,

219 2336 324 2377 Quod
344 2337 470 2380 pelago
491 2339 527 2370 et
547 2337 664 2370 curvis
684 2347 805 2369 secum
825 2337 976 2369 avexere
996 2335 1133 2370 carinis

1379 531 1417 551 1⁴5

1382 796 1419 815 150

1382 1061 1421 1081 155

1389 2121 1428 2145 ηε.
