<?xml version="1.0" encoding="UTF-8"?>
<!DOCTYPE html PUBLIC "-//W3C//DTD XHTML 1.0 Transitional//EN"
    "http://www.w3.org/TR/xhtml1/DTD/xhtml1-transitional.dtd">
<html xmlns="http://www.w3.org/1999/xhtml" xml:lang="en" lang="en">
 <head>
  <title>
</title>
<meta http-equiv="Content-Type" content="text/html;charset=utf-8" />
  <meta name='ocr-system' content='tesseract 3.04.00' />
  <meta name='ocr-capabilities' content='ocr_page ocr_carea ocr_par ocr_line ocrx_word'/>
</head>
<body>
  <div class='ocr_page' id='page_1' title='image "./operavir00virguoft_0087.png"; bbox 0 0 1528 2569; ppageno 0'>
   <div class='ocr_carea' id='block_1_1' title="bbox 572 93 944 143">
    <p class='ocr_par' dir='ltr' id='par_1_1' title="bbox 572 93 944 143">
     <span class='ocr_line' id='line_1_1' title="bbox 572 93 944 143; baseline 0 0"><span class='ocrx_word' id='word_1_1' title='bbox 572 115 754 143; x_wconf 77' lang='lat' dir='ltr'>VIRGILII</span> <span class='ocrx_word' id='word_1_2' title='bbox 786 93 944 143; x_wconf 66' lang='lat' dir='ltr'>CUnEX.</span> 
     </span>
    </p>
   </div>
   <div class='ocr_carea' id='block_1_2' title="bbox 213 203 1225 882">
    <p class='ocr_par' dir='ltr' id='par_1_2' title="bbox 213 203 1218 353">
     <span class='ocr_line' id='line_1_2' title="bbox 213 203 1218 248; baseline 0.001 -12"><span class='ocrx_word' id='word_1_3' title='bbox 213 203 369 247; x_wconf 76' lang='lat' dir='ltr'>Phlegra</span> <span class='ocrx_word' id='word_1_4' title='bbox 388 203 566 247; x_wconf 76' lang='lat' dir='ltr'>Giganteo</span> <span class='ocrx_word' id='word_1_5' title='bbox 585 215 707 248; x_wconf 83' lang='lat' dir='ltr'>sparsa</span> <span class='ocrx_word' id='word_1_6' title='bbox 725 206 779 237; x_wconf 87' lang='lat' dir='ltr'>est</span> <span class='ocrx_word' id='word_1_7' title='bbox 799 215 872 248; x_wconf 85' lang='lat' dir='ltr'>quo</span> <span class='ocrx_word' id='word_1_8' title='bbox 891 203 1064 247; x_wconf 84' lang='lat' dir='ltr'>sanguine</span> <span class='ocrx_word' id='word_1_9' title='bbox 1083 203 1193 237; x_wconf 73' lang='lat' dir='ltr'>lellus</span> <span class='ocrx_word' id='word_1_10' title='bbox 1207 216 1218 247; x_wconf 66' lang='grc' dir='ltr'><strong><em>ς</em></strong></span> 
     </span>
     <span class='ocr_line' id='line_1_3' title="bbox 214 256 1131 300; baseline -0.001 -10"><span class='ocrx_word' id='word_1_11' title='bbox 214 256 252 290; x_wconf 89' lang='lat' dir='ltr'>N</span> <span class='ocrx_word' id='word_1_12' title='bbox 255 268 294 290; x_wconf 90' lang='lat' dir='ltr'>ec</span> <span class='ocrx_word' id='word_1_13' title='bbox 313 256 532 290; x_wconf 69' lang='lat' dir='ltr'>Centaureos</span> <span class='ocrx_word' id='word_1_14' title='bbox 552 257 724 300; x_wconf 85' lang='lat' dir='ltr'>Lapithas</span> <span class='ocrx_word' id='word_1_15' title='bbox 744 257 928 300; x_wconf 70' lang='lat' dir='ltr'>compellit</span> <span class='ocrx_word' id='word_1_16' title='bbox 945 257 984 290; x_wconf 90' lang='lat' dir='ltr'>in</span> <span class='ocrx_word' id='word_1_17' title='bbox 1003 268 1106 290; x_wconf 81' lang='lat' dir='ltr'>enses</span> <span class='ocrx_word' id='word_1_18' title='bbox 1122 268 1131 299; x_wconf 89' lang='lat'>;</span> 
     </span>
     <span class='ocr_line' id='line_1_4' title="bbox 213 309 1101 353; baseline 0.001 -11"><span class='ocrx_word' id='word_1_19' title='bbox 213 309 299 343; x_wconf 88' lang='lat' dir='ltr'>Urit</span> <span class='ocrx_word' id='word_1_20' title='bbox 317 309 571 343; x_wconf 82' lang='lat' dir='ltr'>Erichthonias</span> <span class='ocrx_word' id='word_1_21' title='bbox 590 310 718 343; x_wconf 79' lang='lat' dir='ltr'>Oriens</span> <span class='ocrx_word' id='word_1_22' title='bbox 737 322 810 343; x_wconf 89' lang='lat' dir='ltr'>non</span> <span class='ocrx_word' id='word_1_23' title='bbox 829 310 972 353; x_wconf 82' lang='lat' dir='ltr'>ignibus</span> <span class='ocrx_word' id='word_1_24' title='bbox 991 321 1101 352; x_wconf 80' lang='lat' dir='ltr'>arceS,</span> 
     </span>
    </p>

    <p class='ocr_par' dir='ltr' id='par_1_3' title="bbox 213 362 1225 882">
     <span class='ocr_line' id='line_1_5' title="bbox 213 362 1167 406; baseline -0.001 -10"><span class='ocrx_word' id='word_1_25' title='bbox 213 362 251 396; x_wconf 86' lang='lat' dir='ltr'>N</span> <span class='ocrx_word' id='word_1_26' title='bbox 254 374 293 396; x_wconf 86' lang='lat' dir='ltr'>ec</span> <span class='ocrx_word' id='word_1_27' title='bbox 311 363 491 406; x_wconf 86' lang='lat' dir='ltr'>perfossus</span> <span class='ocrx_word' id='word_1_28' title='bbox 510 363 628 396; x_wconf 87' lang='lat' dir='ltr'>Athos</span> <span class='ocrx_word' id='word_1_29' title='bbox 647 375 713 396; x_wconf 86' lang='lat' dir='ltr'>nec</span> <span class='ocrx_word' id='word_1_30' title='bbox 732 375 862 406; x_wconf 81' lang='lat' dir='ltr'>magno</span> <span class='ocrx_word' id='word_1_31' title='bbox 883 362 1026 396; x_wconf 84' lang='lat' dir='ltr'>vincula</span> <span class='ocrx_word' id='word_1_32' title='bbox 1046 362 1167 396; x_wconf 88' lang='lat' dir='ltr'>Ponto</span> 
     </span>
     <span class='ocr_line' id='line_1_6' title="bbox 214 415 1189 459; baseline -0.001 -10"><span class='ocrx_word' id='word_1_33' title='bbox 214 415 325 449; x_wconf 83' lang='lat' dir='ltr'>Lecta</span> <span class='ocrx_word' id='word_1_34' title='bbox 343 427 423 448; x_wconf 89' lang='lat' dir='ltr'>meo</span> <span class='ocrx_word' id='word_1_35' title='bbox 443 418 618 459; x_wconf 84' lang='lat' dir='ltr'>quaerent</span> <span class='ocrx_word' id='word_1_36' title='bbox 637 416 709 449; x_wconf 85' lang='lat' dir='ltr'>iam</span> <span class='ocrx_word' id='word_1_37' title='bbox 729 428 807 449; x_wconf 85' lang='lat' dir='ltr'>sera</span> <span class='ocrx_word' id='word_1_38' title='bbox 827 416 1009 449; x_wconf 86' lang='lat' dir='ltr'>volumine</span> <span class='ocrx_word' id='word_1_39' title='bbox 1028 415 1163 449; x_wconf 83' lang='lat' dir='ltr'>famam</span> <span class='ocrx_word' id='word_1_40' title='bbox 1179 427 1189 457; x_wconf 89' lang='lat'>;</span> 
     </span>
     <span class='ocr_line' id='line_1_7' title="bbox 213 468 1142 513; baseline -0.001 -11"><span class='ocrx_word' id='word_1_41' title='bbox 213 468 251 502; x_wconf 89' lang='lat' dir='ltr'>N</span> <span class='ocrx_word' id='word_1_42' title='bbox 254 480 301 502; x_wconf 89' lang='grc'>011</span> <span class='ocrx_word' id='word_1_43' title='bbox 320 468 581 512; x_wconf 69' lang='lat' dir='ltr'>Hellespontus</span> <span class='ocrx_word' id='word_1_44' title='bbox 598 468 750 513; x_wconf 87' lang='lat' dir='ltr'>pedibus</span> <span class='ocrx_word' id='word_1_45' title='bbox 770 469 934 512; x_wconf 83' lang='lat' dir='ltr'>pulsatus</span> <span class='ocrx_word' id='word_1_46' title='bbox 953 480 1142 512; x_wconf 84' lang='lat' dir='ltr'>equorum,</span> 
     </span>
     <span class='ocr_line' id='line_1_8' title="bbox 214 521 1171 565; baseline 0 -11"><span class='ocrx_word' id='word_1_47' title='bbox 214 521 363 555; x_wconf 78' lang='lat' dir='ltr'>Graecia</span> <span class='ocrx_word' id='word_1_48' title='bbox 387 533 468 554; x_wconf 89' lang='lat' dir='ltr'>cum</span> <span class='ocrx_word' id='word_1_49' title='bbox 487 521 612 555; x_wconf 87' lang='lat' dir='ltr'>timuit</span> <span class='ocrx_word' id='word_1_50' title='bbox 633 522 816 555; x_wconf 83' lang='lat' dir='ltr'>venientes</span> <span class='ocrx_word' id='word_1_51' title='bbox 835 521 997 565; x_wconf 86' lang='lat' dir='ltr'>undique</span> <span class='ocrx_word' id='word_1_52' title='bbox 1017 521 1144 555; x_wconf 80' lang='lat' dir='ltr'>Persas</span> <span class='ocrx_word' id='word_1_53' title='bbox 1161 533 1171 563; x_wconf 90' lang='lat'>;</span> 
     </span>
     <span class='ocr_line' id='line_1_9' title="bbox 214 566 1073 617; baseline -0.001 -9"><span class='ocrx_word' id='word_1_54' title='bbox 214 574 343 608; x_wconf 87' lang='lat' dir='ltr'>Mollia</span> <span class='ocrx_word' id='word_1_55' title='bbox 362 575 425 608; x_wconf 85' lang='lat' dir='ltr'>sed</span> <span class='ocrx_word' id='word_1_56' title='bbox 444 566 548 608; x_wconf 82' lang='lat' dir='ltr'>tenui</span> <span class='ocrx_word' id='word_1_57' title='bbox 566 575 759 608; x_wconf 81' lang='lat' dir='ltr'>decurrens</span> <span class='ocrx_word' id='word_1_58' title='bbox 779 574 937 608; x_wconf 83' lang='lat' dir='ltr'>carmina</span> <span class='ocrx_word' id='word_1_59' title='bbox 958 586 1073 617; x_wconf 82' lang='lat' dir='ltr'>versu,</span> 
     </span>
     <span class='ocr_line' id='line_1_10' title="bbox 214 627 1176 671; baseline 0 -11"><span class='ocrx_word' id='word_1_60' title='bbox 214 627 364 661; x_wconf 87' lang='lat' dir='ltr'>Viribus</span> <span class='ocrx_word' id='word_1_61' title='bbox 382 630 467 671; x_wconf 87' lang='lat' dir='ltr'>apta</span> <span class='ocrx_word' id='word_1_62' title='bbox 486 628 572 671; x_wconf 87' lang='lat' dir='ltr'>suis,</span> <span class='ocrx_word' id='word_1_63' title='bbox 594 627 743 661; x_wconf 88' lang='lat' dir='ltr'>Phoebo</span> <span class='ocrx_word' id='word_1_64' title='bbox 762 627 866 670; x_wconf 86' lang='lat' dir='ltr'>duce,</span> <span class='ocrx_word' id='word_1_65' title='bbox 888 627 1012 660; x_wconf 90' lang='lat' dir='ltr'>ludere</span> <span class='ocrx_word' id='word_1_66' title='bbox 1031 627 1176 670; x_wconf 85' lang='lat' dir='ltr'>gaudet.</span> 
     </span>
     <span class='ocr_line' id='line_1_11' title="bbox 213 679 1225 725; baseline 0 -12"><span class='ocrx_word' id='word_1_67' title='bbox 213 680 262 714; x_wconf 87' lang='lat' dir='ltr'>Et</span> <span class='ocrx_word' id='word_1_68' title='bbox 282 681 362 723; x_wconf 87' lang='lat' dir='ltr'>tibi,</span> <span class='ocrx_word' id='word_1_69' title='bbox 384 683 506 714; x_wconf 80' lang='lat' dir='ltr'>sancte</span> <span class='ocrx_word' id='word_1_70' title='bbox 526 692 626 725; x_wconf 87' lang='lat' dir='ltr'>puer,</span> <span class='ocrx_word' id='word_1_71' title='bbox 651 679 912 713; x_wconf 70' lang='lat' dir='ltr'>memorabitur</span> <span class='ocrx_word' id='word_1_72' title='bbox 932 692 938 713; x_wconf 94' lang='lat'>:</span> <span class='ocrx_word' id='word_1_73' title='bbox 968 682 1004 712; x_wconf 91' lang='lat' dir='ltr'>et</span> <span class='ocrx_word' id='word_1_74' title='bbox 1023 680 1092 713; x_wconf 85' lang='lat' dir='ltr'>tibi</span> <span class='ocrx_word' id='word_1_75' title='bbox 1111 682 1225 713; x_wconf 87' lang='lat' dir='ltr'>certet</span> 
     </span>
     <span class='ocr_line' id='line_1_12' title="bbox 214 733 1160 777; baseline -0.001 -11"><span class='ocrx_word' id='word_1_76' title='bbox 214 733 338 767; x_wconf 80' lang='lat' dir='ltr'>Gloria</span> <span class='ocrx_word' id='word_1_77' title='bbox 356 736 573 777; x_wconf 86' lang='lat' dir='ltr'>perpetuum</span> <span class='ocrx_word' id='word_1_78' title='bbox 591 733 727 775; x_wconf 85' lang='lat' dir='ltr'>lucens,</span> <span class='ocrx_word' id='word_1_79' title='bbox 749 744 920 766; x_wconf 87' lang='lat' dir='ltr'>mansura</span> <span class='ocrx_word' id='word_1_80' title='bbox 938 744 1002 775; x_wconf 88' lang='lat' dir='ltr'>per</span> <span class='ocrx_word' id='word_1_81' title='bbox 1020 744 1160 766; x_wconf 87' lang='lat' dir='ltr'>aevum.</span> 
     </span>
     <span class='ocr_line' id='line_1_13' title="bbox 214 785 1113 830; baseline 0 -11"><span class='ocrx_word' id='word_1_82' title='bbox 214 786 263 819; x_wconf 89' lang='lat' dir='ltr'>Et</span> <span class='ocrx_word' id='word_1_83' title='bbox 282 786 351 819; x_wconf 91' lang='lat' dir='ltr'>tibi</span> <span class='ocrx_word' id='word_1_84' title='bbox 370 786 454 819; x_wconf 87' lang='lat' dir='ltr'>sede</span> <span class='ocrx_word' id='word_1_85' title='bbox 472 786 532 830; x_wconf 89' lang='lat' dir='ltr'>pia</span> <span class='ocrx_word' id='word_1_86' title='bbox 551 788 696 819; x_wconf 82' lang='lat' dir='ltr'>maneat</span> <span class='ocrx_word' id='word_1_87' title='bbox 715 786 827 828; x_wconf 87' lang='lat' dir='ltr'>locus,</span> <span class='ocrx_word' id='word_1_88' title='bbox 850 788 886 818; x_wconf 91' lang='lat' dir='ltr'>et</span> <span class='ocrx_word' id='word_1_89' title='bbox 905 785 973 818; x_wconf 90' lang='lat' dir='ltr'>tibi</span> <span class='ocrx_word' id='word_1_90' title='bbox 992 797 1113 829; x_wconf 89' lang='lat' dir='ltr'>sospes</span> 
     </span>
     <span class='ocr_line' id='line_1_14' title="bbox 213 839 1036 882; baseline -0.001 -10"><span class='ocrx_word' id='word_1_91' title='bbox 213 839 347 873; x_wconf 84' lang='lat' dir='ltr'>Debita</span> <span class='ocrx_word' id='word_1_92' title='bbox 365 839 485 872; x_wconf 85' lang='lat' dir='ltr'>felices</span> <span class='ocrx_word' id='word_1_93' title='bbox 503 842 716 872; x_wconf 84' lang='lat' dir='ltr'>numeretur</span> <span class='ocrx_word' id='word_1_94' title='bbox 734 839 810 872; x_wconf 85' lang='lat' dir='ltr'>vita</span> <span class='ocrx_word' id='word_1_95' title='bbox 828 849 891 882; x_wconf 91' lang='lat' dir='ltr'>pcr</span> <span class='ocrx_word' id='word_1_96' title='bbox 910 850 1036 881; x_wconf 77' lang='lat' dir='ltr'>annos,</span> 
     </span>
    </p>
   </div>
   <div class='ocr_carea' id='block_1_3' title="bbox 214 891 1230 935">
    <p class='ocr_par' dir='ltr' id='par_1_4' title="bbox 214 891 1230 935">
     <span class='ocr_line' id='line_1_15' title="bbox 214 891 1230 935; baseline -0.003 -9"><span class='ocrx_word' id='word_1_97' title='bbox 214 892 339 935; x_wconf 82' lang='lat' dir='ltr'>Grata,</span> <span class='ocrx_word' id='word_1_98' title='bbox 361 892 464 925; x_wconf 88' lang='lat' dir='ltr'>bonis</span> <span class='ocrx_word' id='word_1_99' title='bbox 483 892 615 925; x_wconf 89' lang='lat' dir='ltr'>lucens.</span> <span class='ocrx_word' id='word_1_100' title='bbox 678 892 747 925; x_wconf 82' lang='lat' dir='ltr'>Sed</span> <span class='ocrx_word' id='word_1_101' title='bbox 767 903 833 925; x_wconf 90' lang='lat' dir='ltr'>nos</span> <span class='ocrx_word' id='word_1_102' title='bbox 852 891 899 924; x_wconf 81' lang='lat' dir='ltr'>ad</span> <span class='ocrx_word' id='word_1_103' title='bbox 918 895 1044 935; x_wconf 90' lang='lat' dir='ltr'>coepta</span> <span class='ocrx_word' id='word_1_104' title='bbox 1062 891 1230 927; x_wconf 82' lang='lat' dir='ltr'>feramur.</span> 
     </span>
    </p>
   </div>
   <div class='ocr_carea' id='block_1_4' title="bbox 211 944 1215 2423">
    <p class='ocr_par' dir='ltr' id='par_1_5' title="bbox 211 944 1211 1786">
     <span class='ocr_line' id='line_1_16' title="bbox 267 944 1189 989; baseline -0.001 -11"><span class='ocrx_word' id='word_1_105' title='bbox 267 946 402 989; x_wconf 78' lang='lat' dir='ltr'>Igneus</span> <span class='ocrx_word' id='word_1_106' title='bbox 421 945 605 979; x_wconf 84' lang='lat' dir='ltr'>aethereas</span> <span class='ocrx_word' id='word_1_107' title='bbox 623 945 695 978; x_wconf 86' lang='lat' dir='ltr'>iam</span> <span class='ocrx_word' id='word_1_108' title='bbox 715 945 776 978; x_wconf 75' lang='lat' dir='ltr'>Sol</span> <span class='ocrx_word' id='word_1_109' title='bbox 795 947 1002 988; x_wconf 85' lang='lat' dir='ltr'>penetrarat</span> <span class='ocrx_word' id='word_1_110' title='bbox 1022 944 1060 977; x_wconf 88' lang='lat' dir='ltr'>in</span> <span class='ocrx_word' id='word_1_111' title='bbox 1079 955 1189 987; x_wconf 86' lang='lat' dir='ltr'>arces,</span> 
     </span>
     <span class='ocr_line' id='line_1_17' title="bbox 215 997 1098 1042; baseline -0.001 -11"><span class='ocrx_word' id='word_1_112' title='bbox 215 998 450 1042; x_wconf 76' lang='lat' dir='ltr'>Candidaque</span> <span class='ocrx_word' id='word_1_113' title='bbox 470 1001 597 1032; x_wconf 88' lang='lat' dir='ltr'>aurato</span> <span class='ocrx_word' id='word_1_114' title='bbox 617 998 805 1042; x_wconf 83' lang='lat' dir='ltr'>quatiebat</span> <span class='ocrx_word' id='word_1_115' title='bbox 824 997 963 1031; x_wconf 85' lang='lat' dir='ltr'>lumina</span> <span class='ocrx_word' id='word_1_116' title='bbox 982 1009 1098 1040; x_wconf 90' lang='lat' dir='ltr'>curru,</span> 
     </span>
     <span class='ocr_line' id='line_1_18' title="bbox 215 1051 1101 1094; baseline 0.001 -10"><span class='ocrx_word' id='word_1_117' title='bbox 215 1052 382 1085; x_wconf 83' lang='lat' dir='ltr'>Crinibus</span> <span class='ocrx_word' id='word_1_118' title='bbox 402 1054 438 1084; x_wconf 89' lang='lat' dir='ltr'>et</span> <span class='ocrx_word' id='word_1_119' title='bbox 456 1051 566 1085; x_wconf 86' lang='lat' dir='ltr'>roseis</span> <span class='ocrx_word' id='word_1_120' title='bbox 584 1051 752 1084; x_wconf 87' lang='lat' dir='ltr'>tenebras</span> <span class='ocrx_word' id='word_1_121' title='bbox 772 1051 914 1084; x_wconf 82' lang='lat' dir='ltr'>Aurora</span> <span class='ocrx_word' id='word_1_122' title='bbox 932 1051 1075 1094; x_wconf 76' lang='lat' dir='ltr'>fugarat</span> <span class='ocrx_word' id='word_1_123' title='bbox 1095 1063 1101 1085; x_wconf 92' lang='lat'><strong>:</strong></span> 
     </span>
     <span class='ocr_line' id='line_1_19' title="bbox 214 1104 1094 1148; baseline -0.001 -10"><span class='ocrx_word' id='word_1_124' title='bbox 214 1104 383 1148; x_wconf 84' lang='lat' dir='ltr'>Propulit</span> <span class='ocrx_word' id='word_1_125' title='bbox 402 1117 420 1138; x_wconf 91' lang='lat' dir='ltr'>e</span> <span class='ocrx_word' id='word_1_126' title='bbox 440 1105 592 1138; x_wconf 86' lang='lat' dir='ltr'>stabulis</span> <span class='ocrx_word' id='word_1_127' title='bbox 611 1104 657 1138; x_wconf 85' lang='lat' dir='ltr'>ad</span> <span class='ocrx_word' id='word_1_128' title='bbox 676 1116 809 1148; x_wconf 85' lang='lat' dir='ltr'>pascua</span> <span class='ocrx_word' id='word_1_129' title='bbox 826 1104 921 1137; x_wconf 87' lang='lat' dir='ltr'>lacta</span> <span class='ocrx_word' id='word_1_130' title='bbox 940 1104 1094 1147; x_wconf 84' lang='lat' dir='ltr'>capellas</span> 
     </span>
     <span class='ocr_line' id='line_1_20' title="bbox 214 1156 1145 1202; baseline -0.002 -11"><span class='ocrx_word' id='word_1_131' title='bbox 214 1158 356 1201; x_wconf 83' lang='lat' dir='ltr'>Pastor,</span> <span class='ocrx_word' id='word_1_132' title='bbox 379 1160 416 1191; x_wconf 87' lang='lat' dir='ltr'>et</span> <span class='ocrx_word' id='word_1_133' title='bbox 435 1158 566 1191; x_wconf 81' lang='lat' dir='ltr'>excelsi</span> <span class='ocrx_word' id='word_1_134' title='bbox 585 1158 719 1191; x_wconf 86' lang='lat' dir='ltr'>montis</span> <span class='ocrx_word' id='word_1_135' title='bbox 738 1157 823 1201; x_wconf 83' lang='lat' dir='ltr'>iuga</span> <span class='ocrx_word' id='word_1_136' title='bbox 841 1169 982 1191; x_wconf 85' lang='lat' dir='ltr'>summa</span> <span class='ocrx_word' id='word_1_137' title='bbox 1001 1156 1145 1202; x_wconf 84' lang='lat' dir='ltr'>petivit,</span> 
     </span>
     <span class='ocr_line' id='line_1_21' title="bbox 214 1210 1110 1255; baseline -0.003 -10"><span class='ocrx_word' id='word_1_138' title='bbox 214 1211 351 1245; x_wconf 81' lang='lat' dir='ltr'>Lucida</span> <span class='ocrx_word' id='word_1_139' title='bbox 370 1223 442 1255; x_wconf 87' lang='lat' dir='ltr'>qua</span> <span class='ocrx_word' id='word_1_140' title='bbox 461 1211 603 1254; x_wconf 87' lang='lat' dir='ltr'>patulos</span> <span class='ocrx_word' id='word_1_141' title='bbox 622 1211 792 1244; x_wconf 88' lang='lat' dir='ltr'>velabant</span> <span class='ocrx_word' id='word_1_142' title='bbox 811 1210 974 1254; x_wconf 84' lang='lat' dir='ltr'>gramina</span> <span class='ocrx_word' id='word_1_143' title='bbox 993 1210 1110 1243; x_wconf 90' lang='lat' dir='ltr'>colles.</span> 
     </span>
     <span class='ocr_line' id='line_1_22' title="bbox 215 1261 1192 1307; baseline -0.001 -10"><span class='ocrx_word' id='word_1_144' title='bbox 215 1264 294 1298; x_wconf 87' lang='lat' dir='ltr'>Iam</span> <span class='ocrx_word' id='word_1_145' title='bbox 313 1264 411 1298; x_wconf 87' lang='lat' dir='ltr'>silvis</span> <span class='ocrx_word' id='word_1_146' title='bbox 430 1264 622 1307; x_wconf 80' lang='lat' dir='ltr'>dumisque</span> <span class='ocrx_word' id='word_1_147' title='bbox 641 1275 763 1307; x_wconf 81' lang='lat' dir='ltr'>vagae,</span> <span class='ocrx_word' id='word_1_148' title='bbox 785 1263 858 1297; x_wconf 83' lang='lat' dir='ltr'>iam</span> <span class='ocrx_word' id='word_1_149' title='bbox 877 1263 1031 1296; x_wconf 88' lang='lat' dir='ltr'>vallibus</span> <span class='ocrx_word' id='word_1_150' title='bbox 1051 1261 1192 1296; x_wconf 89' lang='lat' dir='ltr'>abdunt</span> 
     </span>
     <span class='ocr_line' id='line_1_23' title="bbox 214 1317 1170 1361; baseline -0.001 -11"><span class='ocrx_word' id='word_1_151' title='bbox 214 1317 382 1361; x_wconf 85' lang='lat' dir='ltr'>Corpora,</span> <span class='ocrx_word' id='word_1_152' title='bbox 404 1317 549 1361; x_wconf 82' lang='lat' dir='ltr'>iamque</span> <span class='ocrx_word' id='word_1_153' title='bbox 569 1317 668 1350; x_wconf 85' lang='lat' dir='ltr'>omni</span> <span class='ocrx_word' id='word_1_154' title='bbox 687 1317 817 1350; x_wconf 85' lang='lat' dir='ltr'>celeres</span> <span class='ocrx_word' id='word_1_155' title='bbox 837 1329 855 1349; x_wconf 88' lang='lat' dir='ltr'>e</span> <span class='ocrx_word' id='word_1_156' title='bbox 874 1318 976 1359; x_wconf 86' lang='lat' dir='ltr'>parte</span> <span class='ocrx_word' id='word_1_157' title='bbox 996 1319 1170 1359; x_wconf 74' lang='lat' dir='ltr'>vagantes</span> 
     </span>
     <span class='ocr_line' id='line_1_24' title="bbox 213 1369 1116 1413; baseline 0.001 -10"><span class='ocrx_word' id='word_1_158' title='bbox 213 1370 428 1404; x_wconf 86' lang='lat' dir='ltr'>Tondebant</span> <span class='ocrx_word' id='word_1_159' title='bbox 447 1373 571 1403; x_wconf 83' lang='lat' dir='ltr'>tenero</span> <span class='ocrx_word' id='word_1_160' title='bbox 590 1370 786 1403; x_wconf 83' lang='lat' dir='ltr'>viridantia</span> <span class='ocrx_word' id='word_1_161' title='bbox 803 1369 966 1413; x_wconf 80' lang='lat' dir='ltr'>gramina</span> <span class='ocrx_word' id='word_1_162' title='bbox 984 1381 1116 1404; x_wconf 78' lang='lat' dir='ltr'>morsu,</span> 
     </span>
     <span class='ocr_line' id='line_1_25' title="bbox 214 1422 1068 1466; baseline -0.004 -9"><span class='ocrx_word' id='word_1_163' title='bbox 214 1424 371 1466; x_wconf 77' lang='lat' dir='ltr'>Scrupea</span> <span class='ocrx_word' id='word_1_164' title='bbox 389 1423 550 1457; x_wconf 78' lang='lat' dir='ltr'>desertae</span> <span class='ocrx_word' id='word_1_165' title='bbox 569 1423 765 1456; x_wconf 80' lang='lat' dir='ltr'>haerebant</span> <span class='ocrx_word' id='word_1_166' title='bbox 785 1422 830 1456; x_wconf 89' lang='lat' dir='ltr'>ad</span> <span class='ocrx_word' id='word_1_167' title='bbox 851 1434 938 1455; x_wconf 85' lang='lat' dir='ltr'>cava</span> <span class='ocrx_word' id='word_1_168' title='bbox 956 1422 1068 1465; x_wconf 82' lang='lat' dir='ltr'>rupis,</span> 
     </span>
     <span class='ocr_line' id='line_1_26' title="bbox 212 1475 1127 1520; baseline -0.003 -10"><span class='ocrx_word' id='word_1_169' title='bbox 212 1477 380 1510; x_wconf 84' lang='lat' dir='ltr'>Pendula</span> <span class='ocrx_word' id='word_1_170' title='bbox 397 1476 565 1520; x_wconf 88' lang='lat' dir='ltr'>proiectis</span> <span class='ocrx_word' id='word_1_171' title='bbox 583 1478 784 1519; x_wconf 87' lang='lat' dir='ltr'>carpuntur</span> <span class='ocrx_word' id='word_1_172' title='bbox 801 1478 838 1508; x_wconf 92' lang='lat' dir='ltr'>et</span> <span class='ocrx_word' id='word_1_173' title='bbox 857 1475 987 1508; x_wconf 87' lang='lat' dir='ltr'>arbuta</span> <span class='ocrx_word' id='word_1_174' title='bbox 1005 1475 1127 1518; x_wconf 73' lang='lat' dir='ltr'>ramis,</span> 
     </span>
     <span class='ocr_line' id='line_1_27' title="bbox 211 1529 1103 1573; baseline -0.002 -10"><span class='ocrx_word' id='word_1_175' title='bbox 211 1530 405 1573; x_wconf 86' lang='lat' dir='ltr'>Densaque</span> <span class='ocrx_word' id='word_1_176' title='bbox 424 1529 592 1573; x_wconf 83' lang='lat' dir='ltr'>virgultis</span> <span class='ocrx_word' id='word_1_177' title='bbox 611 1529 716 1562; x_wconf 84' lang='lat' dir='ltr'>avide</span> <span class='ocrx_word' id='word_1_178' title='bbox 735 1529 899 1562; x_wconf 81' lang='lat' dir='ltr'>labrusca</span> <span class='ocrx_word' id='word_1_179' title='bbox 918 1531 1103 1572; x_wconf 84' lang='lat' dir='ltr'>petuntur.</span> 
     </span>
     <span class='ocr_line' id='line_1_28' title="bbox 213 1582 1156 1626; baseline -0.002 -10"><span class='ocrx_word' id='word_1_180' title='bbox 213 1583 315 1616; x_wconf 87' lang='lat' dir='ltr'>Haec</span> <span class='ocrx_word' id='word_1_181' title='bbox 334 1594 506 1626; x_wconf 86' lang='lat' dir='ltr'>suspensa</span> <span class='ocrx_word' id='word_1_182' title='bbox 524 1582 619 1626; x_wconf 81' lang='lat' dir='ltr'>rapit</span> <span class='ocrx_word' id='word_1_183' title='bbox 638 1585 807 1626; x_wconf 83' lang='lat' dir='ltr'>carpente</span> <span class='ocrx_word' id='word_1_184' title='bbox 828 1582 1015 1615; x_wconf 82' lang='lat' dir='ltr'>cacumina</span> <span class='ocrx_word' id='word_1_185' title='bbox 1034 1592 1156 1614; x_wconf 85' lang='lat' dir='ltr'>morsu</span> 
     </span>
     <span class='ocr_line' id='line_1_29' title="bbox 211 1635 1211 1679; baseline -0.002 -10"><span class='ocrx_word' id='word_1_186' title='bbox 211 1636 284 1670; x_wconf 90' lang='lat' dir='ltr'>Vel</span> <span class='ocrx_word' id='word_1_187' title='bbox 303 1636 419 1670; x_wconf 88' lang='lat' dir='ltr'>salicis</span> <span class='ocrx_word' id='word_1_188' title='bbox 438 1636 571 1678; x_wconf 82' lang='lat' dir='ltr'>lentae,</span> <span class='ocrx_word' id='word_1_189' title='bbox 594 1636 653 1668; x_wconf 87' lang='lat' dir='ltr'>vel</span> <span class='ocrx_word' id='word_1_190' title='bbox 672 1647 764 1679; x_wconf 84' lang='lat' dir='ltr'>quae</span> <span class='ocrx_word' id='word_1_191' title='bbox 784 1647 880 1668; x_wconf 83' lang='lat' dir='ltr'>nova</span> <span class='ocrx_word' id='word_1_192' title='bbox 899 1635 1060 1668; x_wconf 87' lang='lat' dir='ltr'>nascitur</span> <span class='ocrx_word' id='word_1_193' title='bbox 1080 1635 1184 1667; x_wconf 82' lang='lat' dir='ltr'>alnus</span> <span class='ocrx_word' id='word_1_194' title='bbox 1202 1646 1211 1676; x_wconf 76' lang='grc' dir='ltr'><strong>ς</strong></span> 
     </span>
     <span class='ocr_line' id='line_1_30' title="bbox 211 1687 1151 1729; baseline -0.002 -7"><span class='ocrx_word' id='word_1_195' title='bbox 211 1689 314 1723; x_wconf 85' lang='lat' dir='ltr'>Haec</span> <span class='ocrx_word' id='word_1_196' title='bbox 332 1692 475 1722; x_wconf 86' lang='lat' dir='ltr'>teneras</span> <span class='ocrx_word' id='word_1_197' title='bbox 492 1688 668 1722; x_wconf 84' lang='lat' dir='ltr'>fruticum</span> <span class='ocrx_word' id='word_1_198' title='bbox 687 1691 806 1721; x_wconf 84' lang='lat' dir='ltr'>sentes</span> <span class='ocrx_word' id='word_1_199' title='bbox 825 1688 979 1721; x_wconf 83' lang='lat' dir='ltr'>rimatur</span> <span class='ocrx_word' id='word_1_200' title='bbox 996 1701 1003 1729; x_wconf 88' lang='lat'>;</span> <span class='ocrx_word' id='word_1_201' title='bbox 1032 1690 1069 1721; x_wconf 82' lang='lat' dir='ltr'>at</span> <span class='ocrx_word' id='word_1_202' title='bbox 1089 1687 1151 1721; x_wconf 76' lang='lat' dir='ltr'>iila</span> 
     </span>
     <span class='ocr_line' id='line_1_31' title="bbox 212 1741 1118 1786; baseline -0.002 -11"><span class='ocrx_word' id='word_1_203' title='bbox 212 1742 386 1776; x_wconf 83' lang='lat' dir='ltr'>Imminet</span> <span class='ocrx_word' id='word_1_204' title='bbox 405 1743 444 1775; x_wconf 88' lang='lat' dir='ltr'>in</span> <span class='ocrx_word' id='word_1_205' title='bbox 462 1742 533 1775; x_wconf 86' lang='lat' dir='ltr'>rivi</span> <span class='ocrx_word' id='word_1_206' title='bbox 551 1742 768 1786; x_wconf 86' lang='lat' dir='ltr'>praestantis</span> <span class='ocrx_word' id='word_1_207' title='bbox 786 1741 953 1784; x_wconf 80' lang='lat' dir='ltr'>imaginis</span> <span class='ocrx_word' id='word_1_208' title='bbox 971 1741 1118 1777; x_wconf 84' lang='lat' dir='ltr'>undam.</span> 
     </span>
    </p>

    <p class='ocr_par' dir='ltr' id='par_1_6' title="bbox 211 1793 1152 1944">
     <span class='ocr_line' id='line_1_32' title="bbox 265 1793 1152 1839; baseline -0.003 -10"><span class='ocrx_word' id='word_1_209' title='bbox 265 1796 295 1829; x_wconf 93' lang='lat' dir='ltr'>O</span> <span class='ocrx_word' id='word_1_210' title='bbox 317 1796 409 1829; x_wconf 87' lang='lat' dir='ltr'>bona</span> <span class='ocrx_word' id='word_1_211' title='bbox 427 1795 593 1839; x_wconf 79' lang='lat' dir='ltr'>pastoris,</span> <span class='ocrx_word' id='word_1_212' title='bbox 615 1795 645 1828; x_wconf 91' lang='lat' dir='ltr'>si</span> <span class='ocrx_word' id='word_1_213' title='bbox 664 1795 745 1838; x_wconf 87' lang='lat' dir='ltr'>quis</span> <span class='ocrx_word' id='word_1_214' title='bbox 764 1806 838 1827; x_wconf 89' lang='lat' dir='ltr'>non</span> <span class='ocrx_word' id='word_1_215' title='bbox 857 1793 1025 1838; x_wconf 84' lang='lat' dir='ltr'>pauperis</span> <span class='ocrx_word' id='word_1_216' title='bbox 1044 1805 1152 1827; x_wconf 86' lang='lat' dir='ltr'>usum</span> 
     </span>
     <span class='ocr_line' id='line_1_33' title="bbox 212 1847 1068 1892; baseline -0.004 -10"><span class='ocrx_word' id='word_1_217' title='bbox 212 1848 341 1882; x_wconf 88' lang='lat' dir='ltr'>Mente</span> <span class='ocrx_word' id='word_1_218' title='bbox 360 1849 460 1892; x_wconf 84' lang='lat' dir='ltr'>prius</span> <span class='ocrx_word' id='word_1_219' title='bbox 479 1848 585 1882; x_wconf 89' lang='lat' dir='ltr'>docta</span> <span class='ocrx_word' id='word_1_220' title='bbox 603 1848 778 1890; x_wconf 82' lang='lat' dir='ltr'>fastidiat,</span> <span class='ocrx_word' id='word_1_221' title='bbox 802 1849 838 1880; x_wconf 90' lang='lat' dir='ltr'>et</span> <span class='ocrx_word' id='word_1_222' title='bbox 857 1847 986 1890; x_wconf 89' lang='lat' dir='ltr'>probet</span> <span class='ocrx_word' id='word_1_223' title='bbox 1005 1847 1068 1880; x_wconf 81' lang='lat' dir='ltr'>illa</span> 
     </span>
     <span class='ocr_line' id='line_1_34' title="bbox 211 1900 1020 1944; baseline -0.002 -10"><span class='ocrx_word' id='word_1_224' title='bbox 211 1902 354 1944; x_wconf 85' lang='lat' dir='ltr'>Omnia,</span> <span class='ocrx_word' id='word_1_225' title='bbox 377 1901 543 1935; x_wconf 82' lang='lat' dir='ltr'>luxuriae</span> <span class='ocrx_word' id='word_1_226' title='bbox 563 1901 691 1944; x_wconf 86' lang='lat' dir='ltr'>spretis</span> <span class='ocrx_word' id='word_1_227' title='bbox 710 1900 895 1944; x_wconf 78' lang='lat' dir='ltr'>incognita</span> <span class='ocrx_word' id='word_1_228' title='bbox 914 1900 1020 1943; x_wconf 83' lang='lat' dir='ltr'>curis,</span> 
     </span>
    </p>

    <p class='ocr_par' dir='ltr' id='par_1_7' title="bbox 212 1954 1130 1996">
     <span class='ocr_line' id='line_1_35' title="bbox 212 1954 1130 1996; baseline -0.003 -8"><span class='ocrx_word' id='word_1_229' title='bbox 212 1954 312 1995; x_wconf 83' lang='lat' dir='ltr'>Quae</span> <span class='ocrx_word' id='word_1_230' title='bbox 330 1955 491 1988; x_wconf 85' lang='lat' dir='ltr'>lacerant</span> <span class='ocrx_word' id='word_1_231' title='bbox 509 1954 633 1988; x_wconf 85' lang='lat' dir='ltr'>avidas</span> <span class='ocrx_word' id='word_1_232' title='bbox 652 1954 797 1987; x_wconf 86' lang='lat' dir='ltr'>inimico</span> <span class='ocrx_word' id='word_1_233' title='bbox 818 1956 961 1996; x_wconf 89' lang='lat' dir='ltr'>pectore</span> <span class='ocrx_word' id='word_1_234' title='bbox 981 1955 1130 1986; x_wconf 82' lang='lat' dir='ltr'>mentes.</span> 
     </span>
    </p>

    <p class='ocr_par' dir='ltr' id='par_1_8' title="bbox 212 2006 996 2051">
     <span class='ocr_line' id='line_1_36' title="bbox 212 2006 996 2051; baseline -0.003 -10"><span class='ocrx_word' id='word_1_235' title='bbox 212 2008 250 2042; x_wconf 82' lang='lat' dir='ltr'>Si</span> <span class='ocrx_word' id='word_1_236' title='bbox 268 2019 343 2041; x_wconf 88' lang='lat' dir='ltr'>non</span> <span class='ocrx_word' id='word_1_237' title='bbox 361 2007 511 2051; x_wconf 83' lang='lat' dir='ltr'>Assyrio</span> <span class='ocrx_word' id='word_1_238' title='bbox 529 2007 666 2040; x_wconf 86' lang='lat' dir='ltr'>fuerint</span> <span class='ocrx_word' id='word_1_239' title='bbox 685 2007 741 2040; x_wconf 84' lang='lat' dir='ltr'>bis</span> <span class='ocrx_word' id='word_1_240' title='bbox 760 2007 861 2040; x_wconf 85' lang='lat' dir='ltr'>lauta</span> <span class='ocrx_word' id='word_1_241' title='bbox 880 2006 996 2039; x_wconf 87' lang='lat' dir='ltr'>colore</span> 
     </span>
    </p>

    <p class='ocr_par' dir='ltr' id='par_1_9' title="bbox 212 2057 1086 2104">
     <span class='ocr_line' id='line_1_37' title="bbox 212 2057 1086 2104; baseline -0.003 -10"><span class='ocrx_word' id='word_1_242' title='bbox 212 2061 383 2095; x_wconf 84' lang='lat' dir='ltr'>Attalicis</span> <span class='ocrx_word' id='word_1_243' title='bbox 402 2061 530 2104; x_wconf 87' lang='lat' dir='ltr'>opibus</span> <span class='ocrx_word' id='word_1_244' title='bbox 549 2060 635 2093; x_wconf 86' lang='lat' dir='ltr'>data</span> <span class='ocrx_word' id='word_1_245' title='bbox 654 2060 788 2093; x_wconf 85' lang='lat' dir='ltr'>vellera</span> <span class='ocrx_word' id='word_1_246' title='bbox 805 2073 813 2101; x_wconf 91' lang='lat'>;</span> <span class='ocrx_word' id='word_1_247' title='bbox 842 2059 873 2093; x_wconf 88' lang='lat' dir='ltr'>si</span> <span class='ocrx_word' id='word_1_248' title='bbox 890 2059 989 2092; x_wconf 89' lang='lat' dir='ltr'>nitor</span> <span class='ocrx_word' id='word_1_249' title='bbox 1007 2057 1086 2092; x_wconf 87' lang='lat' dir='ltr'>auri</span> 
     </span>
    </p>

    <p class='ocr_par' dir='ltr' id='par_1_10' title="bbox 212 2112 1215 2423">
     <span class='ocr_line' id='line_1_38' title="bbox 212 2112 1215 2157; baseline -0.003 -10"><span class='ocrx_word' id='word_1_250' title='bbox 212 2114 287 2148; x_wconf 86' lang='lat' dir='ltr'>Sub</span> <span class='ocrx_word' id='word_1_251' title='bbox 306 2114 473 2157; x_wconf 85' lang='lat' dir='ltr'>laqueare</span> <span class='ocrx_word' id='word_1_252' title='bbox 492 2114 622 2147; x_wconf 89' lang='lat' dir='ltr'>domus</span> <span class='ocrx_word' id='word_1_253' title='bbox 640 2113 804 2146; x_wconf 87' lang='lat' dir='ltr'>animum</span> <span class='ocrx_word' id='word_1_254' title='bbox 822 2124 897 2145; x_wconf 89' lang='grc'>11011</span> <span class='ocrx_word' id='word_1_255' title='bbox 915 2112 1034 2155; x_wconf 84' lang='lat' dir='ltr'>tangit</span> <span class='ocrx_word' id='word_1_256' title='bbox 1054 2122 1215 2155; x_wconf 82' lang='lat' dir='ltr'>avarum,</span> 
     </span>
     <span class='ocr_line' id='line_1_39' title="bbox 213 2164 1157 2210; baseline -0.004 -9"><span class='ocrx_word' id='word_1_257' title='bbox 213 2167 456 2210; x_wconf 87' lang='lat' dir='ltr'>Picturaeque</span> <span class='ocrx_word' id='word_1_258' title='bbox 476 2167 595 2209; x_wconf 87' lang='lat' dir='ltr'>decus,</span> <span class='ocrx_word' id='word_1_259' title='bbox 619 2166 783 2210; x_wconf 87' lang='lat' dir='ltr'>lapidum</span> <span class='ocrx_word' id='word_1_260' title='bbox 802 2177 868 2199; x_wconf 88' lang='lat' dir='ltr'>nec</span> <span class='ocrx_word' id='word_1_261' title='bbox 887 2165 1006 2208; x_wconf 84' lang='lat' dir='ltr'>fulgor</span> <span class='ocrx_word' id='word_1_262' title='bbox 1025 2165 1061 2197; x_wconf 83' lang='lat' dir='ltr'>in</span> <span class='ocrx_word' id='word_1_263' title='bbox 1082 2164 1157 2197; x_wconf 83' lang='lat' dir='ltr'>ulla</span> 
     </span>
     <span class='ocr_line' id='line_1_40' title="bbox 213 2218 1123 2263; baseline -0.003 -10"><span class='ocrx_word' id='word_1_264' title='bbox 213 2220 388 2263; x_wconf 87' lang='lat' dir='ltr'>Cognitus</span> <span class='ocrx_word' id='word_1_265' title='bbox 407 2220 569 2253; x_wconf 86' lang='lat' dir='ltr'>utilitate</span> <span class='ocrx_word' id='word_1_266' title='bbox 588 2222 724 2262; x_wconf 85' lang='lat' dir='ltr'>manet,</span> <span class='ocrx_word' id='word_1_267' title='bbox 746 2230 813 2252; x_wconf 88' lang='lat' dir='ltr'>nec</span> <span class='ocrx_word' id='word_1_268' title='bbox 831 2218 960 2262; x_wconf 86' lang='lat' dir='ltr'>pocula</span> <span class='ocrx_word' id='word_1_269' title='bbox 978 2220 1123 2261; x_wconf 86' lang='lat' dir='ltr'>gratum</span> 
     </span>
     <span class='ocr_line' id='line_1_41' title="bbox 212 2270 1125 2316; baseline -0.004 -9"><span class='ocrx_word' id='word_1_270' title='bbox 212 2273 360 2307; x_wconf 89' lang='lat' dir='ltr'>Alconis</span> <span class='ocrx_word' id='word_1_271' title='bbox 378 2273 537 2307; x_wconf 89' lang='lat' dir='ltr'>referent</span> <span class='ocrx_word' id='word_1_272' title='bbox 556 2272 736 2316; x_wconf 78' lang='lat' dir='ltr'>Boetique</span> <span class='ocrx_word' id='word_1_273' title='bbox 755 2274 932 2314; x_wconf 87' lang='lat' dir='ltr'>toreuma,</span> <span class='ocrx_word' id='word_1_274' title='bbox 954 2282 1020 2304; x_wconf 89' lang='lat' dir='ltr'>nec</span> <span class='ocrx_word' id='word_1_275' title='bbox 1040 2270 1125 2303; x_wconf 87' lang='lat' dir='ltr'>Indi</span> 
     </span>
     <span class='ocr_line' id='line_1_42' title="bbox 213 2325 1206 2368; baseline -0.004 -9"><span class='ocrx_word' id='word_1_276' title='bbox 213 2325 380 2360; x_wconf 85' lang='lat' dir='ltr'>Conchea</span> <span class='ocrx_word' id='word_1_277' title='bbox 397 2326 506 2359; x_wconf 87' lang='lat' dir='ltr'>bacea</span> <span class='ocrx_word' id='word_1_278' title='bbox 524 2326 633 2359; x_wconf 84' lang='lat' dir='ltr'>maris</span> <span class='ocrx_word' id='word_1_279' title='bbox 651 2325 767 2368; x_wconf 86' lang='lat' dir='ltr'>pretio</span> <span class='ocrx_word' id='word_1_280' title='bbox 787 2327 842 2358; x_wconf 85' lang='lat' dir='ltr'>est</span> <span class='ocrx_word' id='word_1_281' title='bbox 861 2337 867 2358; x_wconf 90' lang='lat'>:</span> <span class='ocrx_word' id='word_1_282' title='bbox 896 2326 934 2357; x_wconf 88' lang='lat' dir='ltr'>at</span> <span class='ocrx_word' id='word_1_283' title='bbox 954 2326 1097 2367; x_wconf 80' lang='lat' dir='ltr'>pectore</span> <span class='ocrx_word' id='word_1_284' title='bbox 1116 2333 1206 2367; x_wconf 86' lang='lat' dir='ltr'>puro</span> 
     </span>
     <span class='ocr_line' id='line_1_43' title="bbox 214 2377 1153 2423; baseline -0.003 -11"><span class='ocrx_word' id='word_1_285' title='bbox 214 2378 325 2422; x_wconf 72' lang='lat' dir='ltr'>Saepe</span> <span class='ocrx_word' id='word_1_286' title='bbox 346 2391 452 2423; x_wconf 85' lang='lat' dir='ltr'>super</span> <span class='ocrx_word' id='word_1_287' title='bbox 471 2382 595 2413; x_wconf 83' lang='lat' dir='ltr'>tenero</span> <span class='ocrx_word' id='word_1_288' title='bbox 615 2378 812 2423; x_wconf 84' lang='lat' dir='ltr'>prosternit</span> <span class='ocrx_word' id='word_1_289' title='bbox 831 2377 992 2422; x_wconf 85' lang='lat' dir='ltr'>gramine</span> <span class='ocrx_word' id='word_1_290' title='bbox 1013 2388 1153 2420; x_wconf 81' lang='lat' dir='ltr'>corpus,</span> 
     </span>
    </p>
   </div>
   <div class='ocr_carea' id='block_1_5' title="bbox 1397 360 1424 380">
    <p class='ocr_par' dir='ltr' id='par_1_11' title="bbox 1397 360 1424 380">
     <span class='ocr_line' id='line_1_44' title="bbox 1397 360 1424 380; baseline 0 0"><span class='ocrx_word' id='word_1_291' title='bbox 1397 360 1424 380; x_wconf 81' lang='lat'>30</span> 
     </span>
    </p>
   </div>
   <div class='ocr_carea' id='block_1_6' title="bbox 1397 888 1424 907">
    <p class='ocr_par' dir='ltr' id='par_1_12' title="bbox 1397 888 1424 907">
     <span class='ocr_line' id='line_1_45' title="bbox 1397 888 1424 907; baseline 0 0"><span class='ocrx_word' id='word_1_292' title='bbox 1397 888 1424 907; x_wconf 74' lang='lat'>40</span> 
     </span>
    </p>
   </div>
   <div class='ocr_carea' id='block_1_7' title="bbox 1397 1417 1424 1438">
    <p class='ocr_par' dir='ltr' id='par_1_13' title="bbox 1397 1417 1424 1438">
     <span class='ocr_line' id='line_1_46' title="bbox 1397 1417 1424 1438; baseline 0 0"><span class='ocrx_word' id='word_1_293' title='bbox 1397 1417 1424 1438; x_wconf 76' lang='lat'>50</span> 
     </span>
    </p>
   </div>
   <div class='ocr_carea' id='block_1_8' title="bbox 1396 1683 1424 1703">
    <p class='ocr_par' dir='ltr' id='par_1_14' title="bbox 1396 1683 1424 1703">
     <span class='ocr_line' id='line_1_47' title="bbox 1396 1683 1424 1703; baseline 0.036 -1"><span class='ocrx_word' id='word_1_294' title='bbox 1396 1683 1424 1703; x_wconf 71' lang='lat'>525</span> 
     </span>
    </p>
   </div>
   <div class='ocr_carea' id='block_1_9' title="bbox 1396 2213 1423 2232">
    <p class='ocr_par' dir='ltr' id='par_1_15' title="bbox 1396 2213 1423 2232">
     <span class='ocr_line' id='line_1_48' title="bbox 1396 2213 1423 2232; baseline 0 0"><span class='ocrx_word' id='word_1_295' title='bbox 1396 2213 1423 2232; x_wconf 74' lang='lat'>⁶5</span> 
     </span>
    </p>
   </div>
  </div>
 </body>
</html>
