1492 2589
127 107 150 143 2
566 118 751 146 vmcsm
780 117 1007 146 BUCOLroA.

131 207 275 242 Stultus
293 218 358 251 ego
376 206 460 240 huic
478 209 613 240 nostrae
631 206 798 249 similem,
821 217 893 249 quo
913 217 1007 249 saepe
1026 204 1183 239 solemus

131 261 300 294 Pastores
318 260 442 294 ovium
460 261 604 293 teneros
623 259 802 302 depellere
820 259 941 291 foetus,

132 313 191 347 Sic
210 313 360 346 canibus
378 312 516 346 catulos
536 312 681 354 similes,
703 311 754 344 sic
772 311 949 344 matribus
966 310 1092 344 haedos

132 365 273 400 Noram
290 378 297 400 :
326 366 375 399 sic
392 365 513 409 parvis
531 375 743 408 componere
762 374 893 406 magna
911 363 1079 396 solebam.

132 418 273 452 Verum
290 418 368 451 haec
386 420 533 451 tantum
551 417 640 450 alias
658 417 756 450 inter
774 418 883 459 caput
901 416 1035 449 extulit
1054 415 1174 459 urbes,
1416 413 1442 433 ²²⁵

133 470 321 512 Quantum
338 471 438 504 lenta
456 470 574 503 solent
591 470 687 502 inter
706 469 860 502 viburna
880 467 1046 511 cupressi.

185 523 284 558 MEL.
317 523 366 556 Et
385 534 466 566 quse
485 525 590 556 tanta
607 522 680 555 fuit
693 522 849 555 Romam
867 521 937 554 tibi
956 531 1062 553 causa
1080 519 1230 553 videndi
1246 521 1259 554 ’ἑ

186 576 263 610 TIT.
296 576 461 609 Libertas
481 587 488 609 :
518 586 600 618 quae
619 586 708 618 sera,
729 577 854 608 tamen
872 573 1030 617 respexit
1048 573 1203 606 inertem
1221 585 1232 614 3

134 628 331 663 Candidior
348 630 543 672 postquam
560 627 730 661 tondenti
747 627 858 660 barba
877 626 1029 660 cadebat
1046 639 1053 660 :

135 681 313 725 Respexit
331 684 468 724 tamen,
491 682 528 714 et
546 680 653 724 longo
673 682 754 724 post
772 682 934 723 tempore
953 679 1066 721 venit,
1418 673 1445 695 ³⁰

135 733 337 778 Postquain
355 745 421 767 nos
435 733 631 777 Amaryllis
650 733 772 776 habet,
795 732 948 767 Galatea
965 730 1125 775 reliquit.

135 787 307 831 Namque
325 787 480 832 (fatebor
498 786 609 829 enim)
630 786 719 819 dum
737 797 795 818 me
816 784 967 818 Galatea
984 784 1148 826 tenebat,

135 839 174 872 N
176 851 215 873 ec
234 851 313 884 spes
331 839 510 873 libertatis
529 841 618 881 erat,
640 850 706 872 nec
725 849 810 871 cura
829 837 956 881 peculi.

136 892 311 933 Quamvis
328 892 446 925 multa
462 892 552 925 meis
570 891 686 924 exiret
704 891 852 924 victima
871 889 993 933 septis,

1418 937 1445 959 ³⁵

136 945 289 989 Pinguis
309 948 345 978 et
363 945 515 988 ingratae
534 946 759 988 premeretur
778 954 900 976 caseus
919 942 1014 984 urbi,

138 997 227 1031 Non
245 1009 408 1042 unquam
426 997 546 1041 gravis
565 1008 634 1030 {ere
654 997 803 1029 domum
822 994 912 1028 mihi
931 995 1061 1028 dextra
1080 993 1232 1028 redibat.

189 1050 287 1084 MEL.
321 1050 495 1093 Mirabar,
517 1049 605 1093 quid
624 1051 754 1082 moesta
773 1048 871 1090 deos,
893 1047 1084 1091 Amarylli,
1106 1058 1251 1080 vocares
1270 1059 1280 1089 ;

137 1103 206 1136 Cui
223 1103 381 1147 pendere
400 1105 467 1136 sua
485 1102 659 1146 patereris
677 1102 715 1134 in
734 1101 859 1134 arbore
874 1111 989 1143 poma.

137 1155 286 1199 Tityrus
304 1156 388 1189 hinc
407 1156 541 1189 aberat.
601 1154 696 1198 Ipsae
715 1156 764 1196 te,
787 1153 924 1196 Tityre,
952 1152 1073 1196 pinus,

136 1208 214 1252 Ipsi
231 1211 269 1242 te
286 1209 419 1251 fontes,
440 1208 518 1251 ipsa
536 1208 614 1240 haec
633 1207 790 1249 arbusta,
813 1206 1002 1240 vocabant.

190 1261 267 1296 T1T.
301 1260 397 1302 Quid
415 1259 596 1294 facerem?
622 1270 740 1303 neque
760 1259 908 1292 servitio
926 1269 985 1291 me
1004 1258 1102 1293 exire
1116 1258 1262 1302 licebat,

138 1313 176 1347 N
179 1325 219 1347 ec
237 1317 315 1348 tam
333 1316 530 1360 praesentes
549 1312 635 1346 alibi
654 1323 865 1355 cognoscere
884 1311 996 1346 divos.

137 1366 211 1400 Hic
229 1368 335 1401 illum
353 1367 429 1400 vidi
445 1366 631 1410 juvenem,
654 1364 839 1407 Meliboee,
862 1364 1059 1408 quotannis

137 1419 202 1452 Bis
221 1431 325 1454 senos
344 1419 402 1453 cui
421 1421 545 1452 nostra
563 1418 641 1451 dies
659 1417 788 1451 altaria
811 1417 965 1450 fumant.

137 1471 212 1506 Hic
230 1473 320 1507 mihi
338 1484 550 1516 responsum
564 1471 702 1515 primus
722 1470 823 1504 dedit
842 1470 907 1503 ille'
922 1469 1063 1513 petenti
1079 1481 1088 1504 ε

138 1524 296 1569 Pascite,
317 1528 361 1559 ut
380 1527 479 1568 ante,
501 1525 623 1567 boves,
646 1523 750 1569 pueri
769 1537 777 1565 ;
806 1522 1012 1562 submittite
1039 1525 1172 1557 tauros.

196 1579 294 1613 MEL.
326 1579 529 1612 Fortunate
549 1588 660 1610 senex
678 1578 684 1611 !
715 1587 798 1620 ergo
817 1579 883 1610 tua
900 1587 985 1609 rura
1003 1576 1218 1619 manebunt,

141 1633 191 1666 Et
209 1632 278 1665 tibi
296 1643 427 1675 magna
446 1630 533 1664 satis
555 1643 561 1664 :
591 1630 757 1674 quamvis
776 1629 867 1673 lapis
887 1628 1009 1662 omnia
1026 1629 1149 1662 nudus

140 1685 359 1728 Limosoque
378 1684 482 1728 palus
502 1683 659 1717 obducat
678 1694 812 1726 pascua
827 1682 950 1726 junco.

140 1737 178 1772 N
181 1750 228 1772 on
247 1738 391 1771 insueta
410 1748 536 1780 graves
554 1736 755 1769 tentabunt
773 1735 907 1779 pabula
924 1735 1032 1768 foetas
1053 1746 1064 1777 ;
1423 1730 1453 1752 ω

140 1789 220 1824 Nec
238 1790 333 1823 mala
351 1790 462 1823 vicini
480 1789 618 1833 pecoris
637 1789 803 1832 contagia
824 1788 970 1822 laedent.

140 1843 343 1877 Fortunate
362 1854 473 1875 senex
493 1844 499 1876 !
538 1842 608 1885 hic,
630 1841 726 1875 inter
746 1841 896 1875 flumina
915 1843 1003 1874 nota

141 1896 191 1929 Et
209 1897 329 1929 fontes
349 1906 478 1938 sacros,
500 1895 614 1938 frigus
634 1894 794 1938 captabis
814 1905 975 1938 opacum.

141 1948 240 1982 Hinc
258 1948 340 1991 tibi,
362 1959 443 1992 quae
462 1959 602 1990 semper
620 1947 739 1981 vicino
759 1947 804 1981 ab
822 1947 938 1980 limite
957 1956 1059 1991 sepes

141 2001 308 2044 Hyblaeis
326 2000 454 2044 apibus
471 2000 595 2033 florem
614 2000 764 2044 depasta
785 2000 914 2043 salicti,

142 2053 245 2097 Saepe
264 2054 337 2087 levi
355 2064 523 2086 somnum
543 2053 710 2086 suadebit
729 2053 819 2086 inire
839 2063 995 2086 susurro.

142 2106 244 2140 Hinc
262 2106 337 2139 alta
356 2106 424 2139 sub
442 2117 532 2149 rupe
552 2108 657 2139 canet
676 2106 865 2139 frondator
884 2105 930 2139 ad
949 2115 1054 2139 auras
1074 2115 1083 2145 ;

143 2158 182 2192 N
185 2171 224 2192 ec
242 2161 365 2192 tamen
384 2158 522 2191 interea
541 2170 671 2201 raucae,
693 2161 758 2191 tua
777 2170 874 2201 cura,
896 2157 1098 2201 palumbes,

142 2211 181 2246 N
184 2223 224 2245 ec
241 2222 382 2255 gemere
398 2211 494 2244 aeria
512 2211 664 2244 cessabit
682 2213 806 2244 turtur
825 2211 870 2244 ab
889 2211 999 2243 ulmo.

197 2264 273 2298 ΤΙΤ.
306 2263 405 2296 Ante
424 2264 521 2296 leves
541 2275 623 2306 ergo
642 2266 836 2306 pascentur
854 2264 893 2296 in
912 2263 1046 2296 aethere
1065 2259 1174 2302 cervi,

143 2316 193 2349 Et
211 2317 305 2350 freta
323 2316 525 2349 destituent
544 2315 662 2349 nudos
680 2316 717 2348 in
737 2316 859 2349 littore
879 2315 993 2359 pisces
1009 2327 1019 2356 ;

144 2370 254 2412 Ante,
276 2368 468 2413 pererratis
486 2368 675 2401 amborum
695 2368 838 2411 finibus,
861 2367 966 2401 exsul

1425 1195 1451 1216 -10

1419 1463 1444 1483 45

1425 2249 1451 2270 60
