1528 2569
673 88 807 116 LIBER
837 88 914 116 XII.

242 175 420 209 Turbavit
439 178 580 209 mentes
602 175 726 219 Italas,
748 178 983 220 monstroque
1002 175 1142 210 fefellit.

241 228 412 271 Namque
432 228 558 261 volans
578 229 687 262 rubra
706 229 829 263 fulvus
848 229 875 263 J
877 229 954 262 ovis
972 229 1045 262 ales
1064 230 1101 261 in
1121 227 1239 262 aethra

240 281 420 314 Littoreas
440 281 601 324 agitabat
620 293 716 325 aves,
737 282 956 326 turbamque
975 283 1166 315 sonantem

239 333 405 377 Agminis
425 333 548 377 aligeri
566 347 572 374 3
602 334 723 368 subito
743 346 855 378 quum
875 335 997 378 lapsus
1016 334 1061 367 ad
1080 333 1198 367 undas

239 386 403 429 Cycnum
421 386 658 420 excellentem
676 387 829 431 pedibus
847 387 942 431 rapit
961 387 1146 430 improbus
1164 386 1277 420 uncis.

239 439 417 472 Arrexere
436 439 574 472 animos
594 437 694 482 Itali,
717 443 930 483 cunctaeque
949 440 1112 473 volucres

239 490 466 525 Convertunt
486 492 640 525 clamore
661 493 784 536 fugam
805 492 982 537 (mirabile
1002 493 1082 526 visu
1099 493 1127 537 !)

238 544 466 588 AEtheraque
486 544 680 578 obscurant
699 545 839 588 pennis,
862 545 1077 589 hostemque
1096 556 1160 588 per
1178 556 1284 578 auras

237 596 351 630 Facta
369 597 466 630 nube
485 601 676 641 premunt:
705 598 819 631 donec
837 599 875 632 vi
893 598 1012 631 victus
1032 601 1068 631 et
1086 598 1164 642 ipso

237 649 404 683 Pondere
423 650 568 693 defecit,
589 651 822 694 praedamque
841 663 887 684 ex
905 651 1090 695 unguibus
1109 650 1182 684 ales
1220 647 1224 652 ’

236 701 398 746 Projecit
418 703 540 746 fluvio,
562 703 780 747 penitusque
799 704 837 736 in
855 704 981 736 nubila
1000 704 1103 746 fugit.

237 754 330 788 Tum
349 766 435 788 vero
454 755 647 798 augurium
667 756 800 789 Rutuli
819 756 972 789 clamore
992 756 1166 798 salutant,

235 807 519 851 Expediuntque
539 819 668 841 manus
686 821 692 842 ς
721 809 932 852 primusque
951 808 1165 841 Tolumnius
1184 819 1311 851 augur,

239 861 265 878 “
278 860 360 893 Hoc
379 862 464 903 erat,
489 860 556 893 hoc
575 861 710 903 votis‚''
731 861 864 904 inquit,
891 862 916 879 “
931 861 1031 905 quod
1049 872 1142 904 saepe
1161 861 1276 904 petivi
1292 874 1300 902 ;

238 913 398 957 Accipi0‚
420 924 644 957 agnoscoque
663 914 777 948 Deos:
806 925 874 957 me,
898 925 957 947 me
976 913 1079 956 duce,
1100 913 1237 946 ferrum

236 965 425 1009 Corripite,
448 977 469 999 o
488 966 538 998 mi
558 966 621 1009 eri,
646 978 735 1010 quos
754 967 941 1010 improbus
960 966 1101 1000 advena
1120 966 1216 1000 bello

236 1018 404 1061 Territat,
426 1018 604 1052 invalidas
625 1022 666 1052 ut
686 1031 780 1061 aves,
806 1022 842 1052 et
861 1019 987 1053 littora
1008 1022 1128 1052 vestra

236 1071 286 1104 Vi
304 1071 465 1115 populat.
527 1072 636 1105 Petet
655 1072 715 1105 ille
734 1072 870 1115 fugam,
895 1072 1113 1116 penitusque
1132 1072 1314 1115 profundo

235 1123 329 1157 Vela
348 1124 469 1158 dabit:
498 1136 563 1158 vos
582 1125 747 1158 unanimi
765 1125 914 1158 densate
934 1127 1107 1167 catervas,

235 1177 286 1210 Et
305 1188 425 1220 regem
447 1177 547 1210 vobis
566 1179 689 1222 pugna
708 1178 894 1211 defendite
912 1177 1100 1221 raptun1.''

235 1230 359 1271 Dixit3
389 1232 426 1263 et
445 1229 614 1264 adversos
632 1231 749 1264 telum
769 1230 944 1264 contorsit
963 1230 1001 1263 in
1020 1231 1142 1264 hostes

236 1282 455 1316 Procurrens
474 1295 480 1317 :
509 1283 670 1317 sonitum
689 1283 753 1316 dat
772 1283 926 1317 stridula.
946 1295 1088 1326 cornuS‚
1111 1285 1148 1316 et
1167 1294 1272 1317 auras

1368 77 1450 115 223

1407 383 1448 403 250

1406 647 1448 666 :55

1406 911 1447 930 26⁰

1405 1175 1447 1195 263

235 1335 343 1369 Certa
362 1338 467 1369 secat.
529 1336 646 1370 Simul
664 1337 732 1370 hoc
749 1349 756 1378 ;
786 1336 892 1369 simul
911 1336 1037 1380 ingens
1057 1336 1201 1379 clamor,
1225 1339 1262 1369 et
1281 1347 1405 1369 omnes

236 1388 388 1422 Turbati
408 1389 525 1432 cunei,
549 1389 794 1432 calefactaque
815 1389 922 1423 corda
942 1389 1116 1422 tumultu.

238 1441 352 1474 Hasta
372 1441 511 1485 volans,
534 1445 577 1475 ut
596 1442 689 1475 forte
708 1453 838 1475 novem
859 1442 1100 1486 pulcherrima
1118 1442 1274 1475 fratrum

236 1494 393 1537 Cori-ora
413 1494 652 1528 constiterant
672 1497 811 1538 contra,
835 1506 926 1538 quos
945 1495 1018 1528 fida
1038 1496 1178 1528 crearat

235 1546 318 1580 Una
336 1550 393 1580 tot
412 1540 566 1581 Arcadio
587 1547 722 1592 conjux
741 1547 926 1591 Tyrrhena
946 1547 1104 1591 Gylippo
1122 1560 1129 1588 ;

234 1599 378 1633 Horum
397 1611 512 1633 unum
532 1600 578 1633 ad
593 1600 766 1643 medium,
788 1600 920 1634 tem'tur
940 1611 1012 1644 qua
1031 1600 1150 1633 sutilis
1169 1600 1251 1634 alvo

234 1651 396 1695 Balteus,
418 1655 454 1686 et
473 1653 629 1686 laterum
643 1653 836 1697 juncturas
856 1654 967 1686 fibula
985 1653 1141 1695 mordet,

234 1705 428 1749 Egregium
446 1706 563 1739 forma
578 1706 754 1750 juvenem
775 1709 810 1739 et
830 1706 1056 1749 fulgentibus
1074 1706 1195 1749 armis,

235 1758 465 1801 Trans-adigit
485 1761 611 1801 costas,
633 1759 810 1802 fulvaque
830 1759 985 1792 effundit
1004 1761 1124 1793 arena.

234 1811 286 1844 At
305 1811 449 1853 fratres,
472 1812 633 1844 animosa
652 1812 824 1855 phalanx,
846 1822 1067 1854 accensaque
1086 1811 1201 1854 luctu,

234 1863 324 1896 Pars
344 1863 483 1907 gladios
503 1864 688 1907 stringunt
707 1864 886 1907 manibus,
909 1876 990 1907 pars
1009 1864 1142 1896 missile
1161 1864 1299 1897 formm

235 1916 458 1960 Corrspiunt,
481 1917 638 1960 caeeique
656 1919 771 1952 ruunt
789 1929 795 1950 :
826 1928 916 1960 quos
937 1917 1081 1961 agmina
1100 1919 1225 1950 contra

233 1969 460 2002 Procurrunt
480 1969 707 2003 Laurentum
724 1982 733 2010 ;
761 1969 846 2003 hinc
866 1970 968 2003 densi
986 1981 1111 2002 rursus
1129 1969 1312 2003 inundant

235 2021 355 2065 Troes,
378 2022 625 2066 Agyllinique,
649 2025 685 2056 et
703 2022 810 2066 pictis
830 2022 988 2056 Arcades
1007 2022 1124 2056 anilis.

288 2075 346 2108 Sic
365 2086 489 2108 omnes
509 2087 610 2108 amor
628 2087 724 2108 unus
744 2075 854 2109 habet
873 2075 1064 2108 decernere
1083 2075 1187 2110 ferro.

234 2127 426 2171 Diripuere
445 2140 524 2161 aras
541 2141 549 2169 3
578 2128 608 2161 it
627 2131 706 2162 toto
726 2128 874 2161 turbida
893 2128 984 2161 coelo

236 2180 446 2224 Tempestas
464 2181 633 2224 telorum,
656 2192 696 2214 ac
714 2181 853 2214 ferreus
871 2181 1008 2224 ing'ruit
1027 2180 1143 2213 imber
1159 2193 1166 2221 ;

236 2232 473 2278 craterasque
492 2234 663 2278 focosque
683 2234 825 2268 ferunt:
854 2233 950 2277 fugit
968 2233 1044 2277 ipse
1063 2233 1230 2277 Latinus,

235 2285 406 2320 Pulsatos
424 2287 582 2320 referens
601 2287 737 2320 infecto
755 2286 891 2320 foedere
910 2286 1032 2320 Divos

236 2337 440 2373 Infraenant
457 2339 520 2374 alii
538 2351 676 2384 currus,
698 2341 763 2373 aut
781 2350 930 2384 corpora
947 2339 1043 2374 saltu

1408 1439 1449 1462 270

1406 1967 1447 1986 210

1406 2231 1447 2251 235
