1559 2584
590 54 776 83 VIRGILH
806 55 961 83 AExms.

215 140 248 175 F
251 152 356 174 umus
374 140 461 185 agit,
482 141 691 187 nebulaque
709 143 837 187 ingens
856 155 982 187 specus
1001 145 1133 178 aestuat
1151 146 1233 179 atra

216 193 290 227 Hic
309 194 444 228 Cacum
462 195 500 228 in
518 196 691 239 tenebris,
711 195 880 230 incendia
899 208 994 230 vana
1012 201 1232 242 vomentem,

217 246 376 291 Corripit
394 247 433 280 in
452 247 589 281 nodum
610 249 831 292 complexus,
854 251 891 282 et
911 250 1012 292 angit
1031 250 1211 284 inhaerens

216 299 335 333 Elisos
354 300 487 343 oculos,
510 303 547 334 et
565 301 701 335 siccum
720 302 895 346 sanguine
913 304 1050 346 guttur.

217 351 400 386 Panditur
418 354 602 397 extemplo
621 354 759 388 foribus
778 355 909 389 domus
927 358 1008 389 atra
1025 356 1179 402 revulsis
1200 370 1207 398 ;

215 406 495 450 Abstractaeque
515 407 625 440 boves
643 407 896 452 abjurataeque
915 408 1052 452 rapinae

217 458 318 492 Coelo
337 459 583 493 ostenduntur
600 473 606 500 ;
636 460 863 504 pedibusque
882 461 1037 494 informe
1057 461 1210 496 cadaver

216 510 459 546 Protrahitur.
521 512 725 557 Nequeunt
744 514 881 557 expleri
901 514 1010 547 corda
1029 514 1171 548 tuendo

218 564 410 598 Terribiles
429 565 562 609 oculos,
586 567 745 609 vultum,
768 566 968 611 villosaque
989 567 1076 600 setis

217 616 373 652 Pectora
391 618 560 661 semiferi,
577 621 687 663 atque
708 620 908 653 exstinctos
922 620 1087 654 faucibus
1106 620 1214 664 ignes.

217 670 275 704 Ex
294 671 357 704 illo
377 672 579 705 celebratus
598 672 713 705 honos
735 686 741 713 ;
770 672 920 716 laetique
939 673 1096 706 minores

219 724 414 758 Sei-vavere
433 725 529 758 diem
551 737 557 759 :
586 726 798 769 primusque
818 726 977 759 Potitius¹
997 730 1136 770 auctor,

217 776 267 811 Et
286 778 417 811 domus
437 778 609 812 Herculei
629 782 750 812 custos
769 779 917 813 Pinaria
936 780 1039 822 sacri,

218 830 327 864 Hanc
345 843 445 864 aram
463 831 544 865 luco
565 833 696 865 statuit
714 845 721 873 3
751 844 833 876 quae
854 832 1018 866 Maxima
1036 844 1176 876 semper

218 883 372 917 Dicetur
391 885 507 927 nobis,
531 888 566 917 et
586 885 654 918 erit
674 897 755 929 quae
775 885 935 919 maxima
954 897 1102 929 semper.

220 936 339 977 Quare
358 938 465 981 agite,
488 949 509 971 ο
524 938 690 981 juvenes,
712 940 901 972 tantarum
920 939 955 972 in
977 950 1128 972 munere
1146 939 1298 973 laudum

219 990 362 1034 Uingite
380 991 510 1023 fronde
530 1002 661 1034 00111113,
683 993 720 1024 et
738 992 867 1035 pocula
886 992 1024 1035 porgite
1045 991 1194 1030 dextris,

218 1043 531 1087 Communemque
551 1047 677 1077 vocate
696 1044 827 1086 Deum,
851 1047 887 1077 et
907 1044 992 1077 date
1013 1044 1096 1078 vina
1116 1045 1281 1079 volentes
1299 1045 1319 1061 ''

218 1095 373 1130 Dixerat
390 1109 396 1130 :
426 1096 610 1130 Herculea
631 1097 765 1130 bicolor
783 1109 898 1141 quum
916 1097 1072 1141 populus
1092 1098 1223 1131 umbra

219 1149 441 1193 Velavitque
461 1161 593 1192 comas,
615 1150 784 1194 foliisque
804 1151 939 1184 innexa
957 1150 1133 1194 pependit
1151 1163 1159 1191 ;

220 1202 268 1236 Et
289 1214 389 1236 sacer
407 1203 574 1246 implevit
593 1202 763 1236 dextram
783 1204 964 1247 scyphus:
994 1215 1104 1246 ocyus
1125 1215 1249 1237 omnes

220 1255 265 1289 In
285 1267 449 1289 mensam
469 1256 544 1289 laeti
564 1256 694 1299 libant>
716 1257 903 1301 Divosque
923 1259 1126 1301 precantur.

219 1309 370 1343 Devexo
389 1309 530 1342 interea
548 1309 694 1353 propior
712 1310 754 1343 fit
773 1322 902 1354 vesper
921 1310 1077 1354 Olympo
1096 1322 1102 1344 :

219 1362 380 1406 Jamque
399 1363 601 1396 sacerdotes
620 1363 831 1407 primusque
850 1363 1011 1397 Potitius
1029 1363 1143 1405 ibant,

219 1415 384 1449 Pellibus
401 1415 439 1448 in
460 1427 597 1449 morem
617 1416 738 1459 cincti,
762 1417 997 1460 flammasque
1017 1416 1182 1449 ferebant
1203 1429 1211 1458 ;

220 1468 434 1502 Instaurant
455 1469 592 1512 epulas,
611 1472 646 1502 et
666 1481 801 1503 mensae
819 1473 924 1513 grata
942 1468 1111 1503 secundae

220 1522 326 1555 Dona
346 1522 483 1563 serunt,
506 1522 768 1566 cumulantque
789 1523 947 1556 oneratis
966 1521 1129 1556 lancibus
1149 1533 1237 1556 aras.

219 1575 313 1608 Tum
334 1575 421 1608 Salii
441 1575 487 1608 ad
507 1578 648 1617 cantus,
670 1576 817 1608 incensa
836 1576 965 1609 altaria
984 1576 1132 1617 circum,

218 1627 392 1672 Populeis
414 1628 549 1661 adsunt
574 1628 711 1662 evincti
735 1632 899 1672 tempora
926 1629 1054 1662 ramis:

220 1681 294 1714 Hic
309 1681 490 1725 juvenum
511 1681 641 1714 chorus
662 1694 669 1722 3
698 1682 760 1715 ille
781 1694 909 1715 senum
928 1695 935 1723 3
965 1682 1029 1725 qui
1049 1684 1207 1718 carmine
1227 1683 1353 1716 laudes

242 1734 420 1768 lerculeas
440 1737 477 1767 et
496 1734 593 1767 facta
612 1735 737 1767 ferunt
757 1747 763 1768 :
795 1738 837 1768 ut
856 1735 972 1779 prima
992 1747 1156 1770 novercae

219 1787 390 1821 Monstra
408 1799 520 1820 manu
540 1788 775 1832 geminosque
795 1799 962 1831 premens
982 1788 1120 1823 eliserit
1140 1801 1277 1833 angues
1295 1802 1302 1831 3

220 1840 274 1874 Ut
293 1841 388 1874 bello
409 1841 569 1884 egregias
588 1840 685 1874 idem
705 1841 887 1885 disjecerit
908 1853 1026 1884 ures,

218 1893 448 1937 Trojamque,
472 1893 746 1938 OEchaliamque
766 1907 774 1936 3
801 1897 845 1927 ut
864 1894 974 1927 duros
994 1895 1092 1929 mille
1111 1895 1251 1929 labores

219 1947 320 1990 Rege
340 1948 407 1980 sub
427 1947 646 1989 Eurystheo,
669 1947 755 1980 fatis
774 1947 934 1980 Junonis
953 1948 1101 1992 iniqua),

220 2000 428 2034 Pertulerit.
490 2000 543 2032 Tu
565 2000 779 2044 nubigenas,
801 2001 950 2044 invicte,
974 2002 1202 2044 biiuemlffes,

220 2053 481 2097 Hylaeumque,
506 2053 747 2097 Pholumque,
771 2065 884 2087 manu
905 2067 913 2095 3
942 2057 984 2087 tu
999 2054 1138 2088 Cressia
1158 2056 1292 2087 mactas

220 2107 391 2150 Prodigia
409 2119 416 2147 3
446 2110 482 2139 et
503 2109 648 2139 vastum
668 2105 707 2141 N
711 2118 822 2140 emeae
841 2107 909 2140 sub
927 2119 1016 2150 rupe
1035 2107 1197 2141 leonem:

220 2161 270 2194 Te
289 2160 407 2203 Stygii
426 2160 606 2193 tremuaro
626 2160 724 2193 lacus
742 2172 750 2201 3
779 2162 817 2193 te
832 2160 972 2203 janitor
991 2160 1086 2202 Orci,

219 2214 310 2247 Ossa
329 2224 436 2256 super
456 2214 633 2246 recubans
652 2216 760 2246 antro
781 2224 918 2246 semesa
937 2216 1089 2246 cruento
1108 2225 1114 2246 :

221 2267 300 2300 Nec
320 2267 358 2298 te
378 2265 463 2298 ullae
484 2266 606 2308 facies,
630 2278 704 2299 11011
723 2266 855 2299 terruit
874 2266 950 2310 ipse
971 2266 1156 2310 Typhoeus

221 2320 382 2361 Arduus,
405 2329 504 2352 arma
523 2322 652 2352 tenens
670 2331 678 2360 ;
707 2331 779 2352 11011
800 2321 837 2352 te
856 2319 1008 2352 rationis
1029 2330 1195 2363 egentem

1391 247 1434 269 2«)

1394 513 1435 533 265.

1394 778 1437 801 ‘27⁰

1397 1310 1439 1330 ‘280

1398 1841 1440 1860 :390

1398 2104 1440 2124 295
