1559 2584
139 72 220 109 141

612 83 685 109 VIR
691 83 800 109 G1L11
829 83 983 110 AENEIS.

245 170 346 205 Hinc
364 170 489 204 lucum
508 169 707 214 ingentem,
731 183 840 215 quem
860 172 1041 206 Romulus
1060 183 1142 206 acer
1156 173 1311 217 Asylum

244 224 418 267 Rettulit,
442 225 479 256 et
497 223 618 267 gelida
635 227 815 258 monstrat
835 224 903 258 sub
922 236 1012 269 rupe
1031 225 1219 270 Lupercal,

244 276 438 311 Parrhasio
453 275 594 310 dictum
612 276 735 310 Panos
754 277 799 310 de
820 288 918 311 more
937 277 1068 321 Lycaei.

245 329 402 364 Necnon
421 331 458 362 et
477 329 569 363 sacri
586 332 767 364 monstrat
785 342 915 364 nemus
934 330 1088 374 Aryileti
1105 344 1117 372 ;
1411 330 1452 351 ³⁴³

246 383 489 426 Testaturque
508 382 641 425 locum,
660 385 697 416 et
714 383 831 417 letum
851 383 958 417 docet
976 383 1131 427 hospitis
1150 383 1250 429 Argi.

245 435 346 469 Hinc
364 435 410 469 ad
431 435 620 479 Tarpeiam
639 436 762 469 sedem
782 438 820 469 et
841 436 1023 479 Capitolia
1043 437 1156 480 ducit,

245 489 369 524 Aurea
387 500 497 531 nunc,
520 489 607 522 olim
627 489 866 533 sylvestribus
885 489 1033 523 horrida
1051 490 1172 523 dumis
1192 502 1199 524 :

243 541 273 575 J
274 553 334 575 am
351 543 432 575 tum
447 541 574 585 religio
593 542 744 585 pavidos
763 542 925 576 terrebat
945 545 1103 587 agrestes

245 594 336 629 Dira
354 594 435 638 loci,
454 595 533 639 jam
551 598 632 628 tum
651 595 791 639 sylvam
812 607 1015 639 saxumque
1034 596 1252 630 tremebant.
1412 595 1453 614 ³⁵⁰

247 649 273 667 “
287 647 370 681 Hm
388 659 528 691 nemus,
550 648 687 691 hunc‚''
707 648 842 693 inquit,
877 649 903 667 “
919 649 1090 682 frondoso
1108 650 1241 683 vertice
1262 649 1390 683 collem

246 700 352 746 (Quis
371 701 483 745 Deus,
505 701 684 735 incertum
700 702 769 747 est)
788 702 931 735 habitat
950 702 1059 736 Deus.
1120 703 1279 736 Arcades
1299 703 1416 746 ipsum

247 754 411 788 Credunt
432 766 468 788 se
488 755 621 788 vidisse
641 755 667 788 J
669 766 774 788 ovem
792 768 800 797 ;
830 767 945 799 quum
960 767 1055 799 saepe
1075 755 1283 799 nigrantem

245 807 381 851 ,Egida
399 810 609 841 concuteret
624 807 764 851 dextra,
789 808 1006 852 nimbosque
1026 808 1144 843 cieret.

248 860 341 894 Haec
361 861 434 894 duo
454 863 632 905 praeterea
653 861 815 905 disjectis
835 862 967 905 oppida
985 861 1110 905 muris,
1413 859 1454 880 ³⁵⁵

244 913 434 958 Reliquias
453 916 691 957 veterumque
711 914 812 948 vides
830 917 1068 948 monumenta
1086 915 1269 950 virorum:

245 967 354 1000 Hanc
373 967 400 1000 J
401 979 491 1000 anus
510 970 623 1011 pater,
648 968 741 1001 hanc
762 967 940 1001 Saturnus
960 968 1124 1001 condidit
1142 968 1269 1001 urbem
1289 980 1299 1010 ;

244 1020 463 1055 Janiculum
481 1020 578 1064 huic,
602 1020 655 1053 illi
675 1020 794 1054 fuerat
815 1021 992 1055 Saturnia,
1012 1021 1186 1054 nomen.''

245 1073 393 1106 Talibus
412 1073 510 1106 inter
529 1084 566 1106 se
586 1073 693 1106 dictis
713 1073 759 1106 ad
779 1076 878 1107 tecta
898 1074 1070 1107 subibant

245 1126 423 1170 Pauperis
441 1126 604 1159 Evandri
621 1139 628 1167 3
658 1126 863 1170 passimque
883 1129 1049 1160 armenta
1067 1126 1243 1160 videbant

246 1179 486 1222 Romanoque
505 1179 583 1213 foro
604 1182 641 1213 et
661 1179 770 1213 lautis
790 1180 929 1223 mugire
951 1179 1100 1213 Carinis.

245 1232 299 1266 Ut
317 1235 471 1266 ventum
489 1232 536 1266 ad
556 1232 658 1266 sedes
680 1245 685 1266 z
720 1234 744 1250 ‘⁶
759 1232 890 1276 Hae0‚'⁷
911 1232 1046 1277 inquit,
1073 1232 1239 1266 “limina
1257 1231 1374 1266 victor

244 1285 391 1319 Alcides
411 1285 523 1319 subiit
540 1299 549 1327 ;
578 1286 656 1319 haec
675 1285 780 1319 illum
799 1285 897 1330 regia
917 1286 1020 1330 cepit.

245 1339 366 1383 Aude,
388 1339 529 1382 hospes,
555 1341 786 1373 contemnere
807 1350 904 1383 opeS,
927 1341 963 1373 et
982 1341 1020 1372 te
1041 1350 1185 1383 quoque
1206 1339 1358 1383 dignum

246 1392 361 1435 Finge
380 1392 472 1436 Deo,
494 1392 675 1436 rebusque
695 1393 779 1425 veui
799 1404 873 1425 non
893 1404 995 1436 asper
1014 1392 1144 1436 egenis.
1154 1392 1172 1408 ’'

245 1445 351 1480 Dixit
371 1458 377 1479 :
407 1448 444 1479 et
465 1446 611 1489 angusti
632 1445 757 1479 subter
775 1445 920 1489 fastigia
938 1445 1028 1479 tecti

245 1497 439 1543 Ingentem
460 1498 607 1532 AEnean
626 1498 749 1541 duxit,
773 1499 969 1542 stratisque
984 1498 1131 1541 locavit,

244 1551 426 1585 Efl'ultum
444 1551 540 1585 foliis
560 1554 596 1585 et
615 1551 708 1595 pelle
729 1551 929 1595 Libystidis
948 1562 1051 1585 ursae.

299 1605 338 1638 N
340 1616 387 1638 ox
405 1604 493 1647 ruit,
517 1607 553 1637 et
572 1604 682 1638 fuscis
701 1605 871 1638 tellurem
890 1604 1124 1647 amplectitur
1143 1604 1217 1638 alis.

245 1657 297 1692 At
316 1657 455 1700 Venus,
475 1657 574 1691 haud
594 1657 715 1691 animo
735 1657 979 1701 nequicquam
999 1657 1186 1700 exterrita,
1208 1658 1338 1700 mater,

244 1710 547 1754 Laurentumque
565 1710 673 1743 minis
693 1713 729 1743 et
749 1710 842 1744 duro
860 1713 961 1744 mota
979 1710 1158 1752 tumultu,

245 1763 456 1797 Vulcanum
474 1764 676 1807 alloquitur
697 1776 704 1804 ;
733 1763 968 1807 thalamoque
986 1763 1065 1796 haec
1085 1763 1249 1807 conjugis
1268 1773 1377 1796 aureo

246 1817 395 1860 Incipit,
419 1819 455 1850 et
475 1817 582 1850 (lictis
602 1816 767 1850 divinum
789 1816 926 1860 aspirat
946 1827 1102 1849 amorem
1120 1830 1124 1850 :

249 1871 274 1888 “
291 1870 391 1903 Dum
410 1870 505 1903 bello
522 1869 682 1914 Argolici
702 1867 899 1904 vastabant
920 1869 1096 1913 Pergama
1115 1880 1217 1913 reges

1414 1123 1455 1143 ³60

1411 1389 1451 1409 ³65»

1413 1653 1456 1677 370

245 1922 391 1966 Debita,
415 1934 630 1966 casurasque
649 1923 805 1956 inimicis
826 1922 971 1967 ignibus
991 1934 1101 1965 arces,
1416 1917 1458 1941 37⁵

246 1976 334 2010 Non
354 1976 472 2010 ullum
491 1976 669 2010 auxilium
690 1976 844 2017 miseris,
864 1987 939 2009 non
960 1987 1059 2009 arma
1073 1974 1198 2019 rogavi

246 2029 349 2064 Artis
369 2029 518 2073 opisque
539 2032 613 2063 tuae
634 2042 643 2070 3
673 2041 739 2062 nec
758 2032 808 2072 te,
833 2029 1014 2063 carissime
1036 2028 1184 2073 conqu,

246 2082 482 2116 Incassumve
500 2085 585 2116 tuos
605 2082 706 2116 volui
726 2094 892 2116 exercere
912 2082 1054 2115 labores
1076 2094 1082 2115 z

246 2135 422 2176 Quamvis
442 2138 479 2169 et
499 2135 637 2169 Priami
657 2135 826 2168 deberem
847 2135 1003 2179 plurima
1022 2134 1131 2177 natis,

1417 2182 1459 2202 asu

244 2188 293 2222 Et
313 2189 447 2222 durum
468 2188 597 2221 AEneae
616 2188 794 2221 flevissem
816 2199 910 2232 saepe
930 2188 1100 2221 laborem.

245 2241 368 2284 Nunc,
392 2241 417 2274 J
421 2242 498 2275 ovis
517 2241 690 2285 imperiis,
714 2241 939 2275 Rutulorum
960 2239 1125 2274 constitit
1146 2239 1217 2273 oris
1236 2251 1243 2274 :

244 2294 340 2338 Ergo
361 2294 487 2328 eadem
507 2294 660 2338 supplex
681 2294 799 2337 venio,
822 2297 859 2328 et
879 2295 1046 2327 sanctum
1065 2292 1156 2326 mihi
1175 2304 1310 2326 numen

245 2347 358 2381 Arma
386 2358 484 2392 rogo,
506 2347 664 2390 genitrix
685 2350 780 2382 nato.
843 2347 892 2380 Te
914 2346 986 2380 filia
1008 2345 1128 2390 Nerui,
