1559 2584
589 79 776 106 VIRGILII
804 79 959 106 AENEIS.

216 164 423 209 Subjiciunt
442 164 479 198 in
499 177 622 209 equos,
645 168 682 199 et
701 165 836 199 strictis
854 165 1000 199 ensibus
1019 165 1162 201 adsunt.

216 218 406 262 Messapus
424 229 557 262 regem,
578 219 744 262 regisque
763 218 903 262 insigne
920 222 1118 263 gerentem,

217 271 446 314 Tyrrhenum
465 271 656 313 Aulesten,
679 271 808 305 avidus
827 271 1048 305 confundere
1067 272 1200 316 foedus,

215 323 382 358 Adverso
400 326 580 373 proterret
599 335 693 368 equo
711 337 718 358 :
747 324 823 357 ruit
841 324 902 358 ille
921 324 1103 368 recedens,

217 377 267 410 Et
286 377 395 410 miser
413 377 588 420 oppositis
607 388 629 410 a
646 384 749 421 tergo
768 377 971 410 involvitur
989 377 1070 420 aris,

217 429 264 463 In
284 431 406 473 caput,
427 429 539 473 inque
557 430 727 463 humeros
745 442 752 464 :
781 432 820 463 at
839 430 1002 464 fervidus
1020 430 1168 464 advolat
1187 431 1295 464 hasta

217 481 421 526 Messapus,
443 482 591 526 teloque
611 485 774 516 orantem
793 483 911 516 multa
929 483 1062 517 trabali

217 535 384 579 Desuper
402 536 499 569 altus
514 547 608 579 equo
627 535 787 580 graviter
806 536 903 579 ferit,
926 538 1037 580 atque
1056 536 1110 570 ita
1129 536 1230 570 fatur
1249 549 1256 570 :

221 590 246 607 “
263 588 346 622 Hoc
364 588 475 622 habet
493 602 500 630 3
528 588 606 622 haec
625 589 753 622 melior
770 589 911 633 magnis
930 589 1018 622 data
1035 589 1186 623 victima
1204 589 1348 624 Divis.'’

219 641 450 675 Concurrunt
471 641 570 685 Itali,
593 642 823 686 spoliantque
843 642 998 675 calentia
1016 642 1188 676 membra.

219 694 358 728 Obvius
378 695 587 728 ambustum
605 697 740 728 torrem
761 695 958 738 Corynaeus
977 695 1023 728 ab
1041 698 1104 729 ara

219 747 389 791 Corripit,
408 750 446 782 et
464 748 627 782 venienti
647 748 770 781 Ebuso
789 748 1006 792 plagamque
1025 748 1159 782 ferenti

219 800 382 844 Occupat
401 812 440 834 os
459 801 614 834 flammis
631 813 638 834 z
668 801 732 834 olli
750 801 877 845 ingens
896 801 919 834 b
932 801 1008 835 lrba
1026 801 1176 845 reluxit,

219 853 254 887 N
259 854 472 898 idoremque
491 855 660 888 ambusta
679 854 781 887 dedit
800 867 806 888 :
836 866 943 898 super
961 854 1038 898 ipse
1057 857 1204 889 secutus

219 906 411 941 Cfesariem
429 907 522 940 laeva
540 907 680 941 turbati
698 907 845 951 corripit
864 907 991 950 hostis,

219 959 473 1004 Impressoque
492 972 588 1004 genu
608 961 729 994 nitens
747 963 854 994 terrae
874 961 1030 1004 applicat
1049 960 1168 1004 ipsum
1186 972 1194 996 z

219 1013 278 1047 Sic
294 1013 412 1057 rigido
431 1013 527 1047 latus
547 1025 630 1047 ense
648 1014 743 1047 ferit.
804 1013 1008 1046 Podalirius
1027 1013 1159 1047 Alsum

219 1066 423 1110 Pastorem,
448 1066 639 1110 primaque
659 1066 734 1099 acie
752 1077 817 1110 per
834 1066 909 1099 tela
927 1068 1112 1109 ruentem,

220 1119 318 1153 Ense
338 1131 494 1163 sequens
512 1119 613 1152 nudo
633 1119 932 1163 superimminet:
960 1119 1022 1152 ille
1041 1119 1158 1153 securi

220 1172 378 1206 Adversi
397 1173 557 1206 frontem
575 1172 734 1206 mediam
753 1174 992 1216 mentumque
1010 1172 1164 1207 reducta

220 1225 380 1270 Dizjici‘o,
403 1228 441 1259 et
459 1237 581 1269 sparso
600 1225 673 1259 late
691 1225 786 1269 rigat
805 1237 906 1259 arma-
924 1236 1062 1260 cruore.

222 1278 296 1312 Olli
315 1278 408 1313 dura
427 1279 530 1323 quies
549 1279 672 1312 oculos
691 1281 728 1312 et
746 1279 886 1312 ferreus
903 1281 1011 1323 urget

223 1332 399 1374 Somnus;
428 1332 464 1366 in
486 1335 661 1366 aeternam
680 1332 904 1366 clauduntur
921 1332 1062 1366 lumina
1081 1335 1239 1368 noctem.

277 1387 329 1419 At
347 1386 429 1430 pius
449 1386 588 1419 AEneas
607 1386 775 1419 dextram
793 1386 969 1419 tendebat
988 1385 1164 1420 inermem

223 1438 263 1472 N
265 1439 378 1473 udato
394 1439 524 1483 capite,
547 1441 657 1482 atque
677 1450 761 1473 suos
781 1439 935 1472 clamore
954 1439 1106 1473 vocabat
1124 1451 1131 1473 :

227 1492 342 1533 “Quo
361 1492 495 1526 ruitis?
523 1503 651 1536 quaeve
670 1492 740 1526 ista
759 1504 887 1536 repens
906 1492 1085 1526 discordia
1105 1492 1244 1537 surgit?

224 1545 256 1579 Ο
275 1546 440 1580 cohibete
459 1545 529 1579 iras
547 1548 552 1579 Ξ
583 1545 697 1578 ictum
713 1545 792 1589 jam
810 1545 944 1588 foedus,
966 1548 1004 1579 et
1023 1556 1148 1579 omnes

224 1599 442 1643 Compositae
460 1599 556 1642 leges
574 1611 582 1640 ;
609 1599 700 1632 mihi
715 1599 778 1643 jus
797 1610 1008 1632 concurrere
1028 1598 1095 1632 soli
1111 1612 1119 1640 3

224 1649 293 1686 Me
313 1652 433 1696 sinite,
455 1655 566 1696 atque
585 1652 726 1685 auferte
745 1654 865 1685 metus
883 1664 890 1685 z
919 1663 984 1695 ego
1004 1651 1143 1685 foedera
1161 1652 1247 1686 faxo

222 1705 347 1739 Firma
365 1717 477 1739 manu
495 1717 502 1740 :
532 1706 696 1739 Turnum
711 1705 791 1749 jam
809 1704 946 1738 debent
965 1704 1043 1738 haec
1061 1705 1152 1738 mihi
1170 1704 1309 1740 sacra.'’

223 1758 303 1792 Has
321 1759 419 1792 inter
436 1769 555 1801 voces,
577 1758 698 1792 media
716 1758 813 1791 inter
831 1757 919 1791 talia
937 1758 1060 1801 verba,

223 1811 328 1855 Ecce,
350 1812 429 1846 viro
449 1812 607 1845 stridens
626 1811 692 1845 alis
711 1811 849 1855 allapsa
868 1811 1001 1854 sagitta
1020 1813 1075 1844 est
1093 1824 1101 1853 ;

223 1864 412 1899 Incertum
432 1862 506 1909 qua
524 1865 629 1908 pulsa
647 1876 772 1908 manu,
795 1876 869 1908 quo
887 1864 1035 1898 turbine
1055 1864 1185 1899 adacta
1200 1877 1210 1907 ;

223 1917 313 1958 Quis
331 1922 475 1957 tantam
495 1918 645 1952 Rutulis
664 1918 823 1961 laudem,
846 1928 1009 1960 casusne,
1030 1917 1192 1962 Deusne,

221 1972 404 2006 Attulerit
422 1985 428 2006 z
457 1983 580 2016 pressa
599 1974 654 2004 est
672 1971 824 2014 insignis
842 1971 956 2014 gloria
975 1970 1076 2014 facti,

220 2024 259 2058 N
262 2037 302 2059 ec
321 2037 397 2059 sese
417 2024 548 2058 AEneae
564 2024 722 2068 jactavit
741 2023 893 2057 vulnere
913 2023 1116 2068 quisquam.

274 2078 432 2121 Turnus,
450 2080 493 2111 ut
513 2077 660 2111 AEnean
680 2077 870 2110 cedentem
889 2088 935 2110 ex
953 2077 1097 2120 agmine
1116 2077 1223 2121 vidit,

220 2131 476 2175 Turbatosque
495 2130 618 2173 duces,
641 2130 764 2163 subita
783 2141 846 2174 spe
864 2129 1029 2163 fervidus
1047 2129 1151 2163 ardet
1169 2143 1177 2171 ;

219 2184 344 2218 Poscit
363 2195 477 2228 equos
496 2186 608 2228 atque
628 2191 729 2217 arma
748 2183 868 2226 simul,
891 2183 1061 2226 saltuque
1080 2183 1257 2226 superbus

219 2237 364 2271 Emicat
383 2237 421 2270 in
443 2248 603 2280 currum,
627 2238 664 2270 et
683 2236 854 2270 manibus
872 2236 1024 2269 molitur
1042 2235 1204 2270 habenas
1220 2248 1229 2272 :

219 2290 344 2324 Multa
362 2291 483 2324 viram
502 2290 662 2323 volitans
681 2289 746 2323 dat
765 2289 876 2322 fortia
895 2299 1043 2332 corpora
1061 2288 1135 2322 leto
1151 2301 1162 2331 ;

221 2343 427 2378 Semineces
446 2342 563 2377 volvit
582 2342 732 2387 multos,
754 2344 820 2376 aut
839 2341 984 2386 agmina
1002 2352 1112 2376 curru

1392 269 1434 290 290

1391 534 1432 555 295

1393 799 1437 820 300

1398 1064 1440 1085 ⁸0⁵

1400 1331 1443 1352 ³10

1402 1596 1445 1617 315

1403 1862 1447 1885 320

1403 2129 1445 2150 32⁶
