1559 2584
103 64 182 104 158

578 76 765 108 VIRGILII
792 78 949 109 AENEIS.

207 163 440 200 Procubuere
457 179 465 208 ;
493 165 602 201 silent
621 167 694 201 lat-e
714 168 793 202 loca
810 181 817 203 ς
845 169 989 213 percipe
1008 179 1127 213 porro,

208 219 307 260 Quid
326 219 506 262 dubitem,
528 222 565 253 et
585 231 668 263 quae
687 230 787 254 nunc
805 222 928 255 animo
947 222 1131 256 sententia
1150 224 1284 268 surgat.

207 271 355 306 AEnean
373 271 481 305 acciri
500 283 637 316 omnes,
660 274 890 318 populusque
908 277 1115 319 patresque,

208 324 436 369 Exposcunt,
457 325 629 370 mittique
649 326 757 370 viros,
781 327 846 370 qui
865 329 963 361 certa
981 331 1179 372 reportent.

209 378 247 412 Si
265 378 347 421 tibi,
369 388 452 422 quae
471 389 592 422 posco,
613 379 839 423 promittunt
860 379 961 424 (nam
980 381 1070 414 mihi
1088 381 1177 415 facti

208 430 323 465 Fama
341 433 398 464 sat
418 431 500 476 est),
521 432 667 465 tumulo
687 433 813 466 videor
830 433 988 477 reperire
1007 434 1075 467 sub
1093 434 1159 469 1110

209 483 322 518 Posse
340 484 437 517 viam
457 484 503 517 ad
522 496 645 518 muros
665 488 702 519 et
721 485 858 519 moenia
877 486 1077 520 Pallantea.
1086 487 1106 504 ’'

210 537 412 581 Obstupuit
433 549 565 581 magno
584 538 736 572 laudum
756 539 943 582 perculsus
962 551 1085 573 amore

210 589 394 634 Euryalus
410 603 418 631 ;
448 590 557 624 simul
574 591 632 624 his
650 592 840 626 ardentem
858 593 994 626 affatur
1012 593 1170 627 amicum
1187 605 1195 629 τ

214 645 240 661 “
254 643 364 677 Mene
383 643 497 687 igitur
515 644 653 678 socium
672 645 823 681 summis
841 645 1041 689 adjungere
1059 646 1180 690 rebus,

211 695 313 740 Nise,
337 696 432 740 fugis
449 697 462 731 2
489 697 609 731 solum
627 700 664 731 te
684 697 720 730 in
742 700 849 732 tanta
866 698 1027 742 pericula
1046 699 1220 734 mittam?

212 748 301 783 Non
320 749 372 783 ita
391 761 449 783 me
468 750 624 794 genitor,
647 750 752 784 bellis
771 754 950 795 assuetus,
972 751 1158 796 Opheltes,

211 802 424 847 Argolicum
443 805 619 837 terrorem
637 803 735 837 inter
754 805 945 849 Trojaeque
964 805 1105 839 labores

213 856 418 899 Sublatum,
443 856 577 890 erudiit
594 869 602 898 3
631 868 698 890 nec
716 860 839 891 tecum
858 858 946 891 talia
965 858 1071 902 gessi,

214 908 496 953 Magnanimum
516 910 662 943 AEnean
682 912 720 944 et
738 911 816 944 fata
835 914 998 945 extrema
1017 914 1171 946 secutus.

214 961 282 996 Est
300 962 371 1005 1110,
394 965 449 996 est
468 963 611 996 animus
630 963 721 996 lucis
740 967 970 1008 contemptor
986 977 995 1005 ;
1024 967 1061 998 et
1080 965 1194 998 istum

215 1014 289 1056 Qui
307 1015 386 1048 vita
405 1015 498 1049 bene
517 1016 641 1049 credat
661 1017 744 1060 emi,
767 1029 840 1060 quo
858 1017 992 1060 tendis,
1014 1018 1226 1052 honorem„

215 1067 330 1102 Nisus
349 1068 396 1102 ad
415 1068 493 1102 haec
511 1081 518 1103 z
551 1070 576 1086 “
592 1069 775 1113 Equidem
796 1070 841 1103 de
859 1073 897 1103 tc
917 1071 970 1104 nil
988 1071 1061 1104 tale
1081 1071 1233 1105 verebar
1249 1084 1257 1113 3

216 1121 297 1155 Nec
315 1121 370 1154 fas
386 1134 395 1162 ς
424 1133 500 1154 non
518 1135 524 1156 :
554 1121 607 1155 ita
625 1133 683 1155 me
702 1123 836 1156 referat
854 1123 924 1156 tibi
942 1135 1095 1167 magnus
1114 1127 1286 1158 ovantem

215 1174 377 1218 Jupiter,
400 1177 465 1208 aut
485 1174 694 1219 quicunque
714 1176 827 1209 oculis
846 1176 924 1210 haec
943 1177 1072 1221 aspicit
1091 1178 1214 1222 aequis.

217 1227 289 1261 Sed
309 1227 339 1261 si
359 1227 441 1272 quis
462 1228 559 1272 (quae
578 1229 697 1262 multa
716 1229 818 1262 vides
837 1229 1046 1264 discrimine
1065 1230 1160 1276 tali),

217 1281 255 1315 Si
275 1281 356 1325 quis
375 1281 413 1314 in
433 1281 629 1315 adversum
647 1282 765 1326 rapiat
785 1294 934 1317 casusve
953 1283 1111 1327 Deusve,

216 1334 266 1368 Te
286 1346 471 1378 superesse
490 1335 599 1368 velim
617 1348 623 1370 :
652 1338 718 1369 tua
736 1336 815 1370 vita
835 1336 978 1380 dignior
996 1339 1094 1371 estas

218 1387 285 1430 Sit,
309 1388 373 1432 qui
392 1400 449 1421 me
468 1390 615 1432 raptum
635 1386 767 1433 pugnfi,
790 1390 954 1433 pretiove
972 1390 1217 1435 redemptum,

218 1440 374 1474 Mandet
394 1441 507 1475 humo
526 1442 634 1475 solita
650 1454 658 1482 3
688 1444 764 1485 aut,
788 1443 818 1476 si
838 1455 911 1487 qua
930 1443 967 1477 id
988 1444 1137 1478 fortuna
1156 1444 1308 1488 vetabit,

216 1494 374 1528 Absenti
392 1495 488 1528 ferat
506 1494 666 1538 inferias,
690 1495 908 1540 decoretque
928 1497 1100 1540 sepulcro.

217 1547 305 1581 Neu
324 1547 432 1581 matri
451 1547 592 1581 miserae
610 1548 706 1581 tanti
727 1548 795 1582 sim
815 1561 922 1583 causa
941 1550 1076 1583 doloris
1095 1563 1102 1585 ε

220 1599 311 1642 Quae
330 1603 368 1634 te
388 1601 475 1644 sola,
497 1612 599 1645 puer,
621 1601 748 1635 multis
767 1614 786 1635 e
805 1603 985 1636 matribus
1004 1615 1101 1647 ausa,

217 1653 458 1697 Persequitur
475 1667 483 1695 3
511 1654 635 1698 magni
653 1666 720 1688 nec
739 1655 875 1689 moenia
894 1658 997 1690 curat
1016 1656 1194 1691 Acestae.’'

218 1706 287 1740 Ille
306 1710 431 1741 autem
449 1720 456 1741 :
489 1708 514 1725 “
532 1707 666 1741 Causas
685 1708 930 1752 nequicquam
949 1710 1065 1743 nectis
1083 1710 1221 1754 inanes,

218 1760 258 1794 N
260 1772 300 1794 ec
318 1772 398 1794 mea
413 1760 492 1804 jam
511 1763 655 1794 mutata
673 1761 751 1794 1000
771 1762 954 1796 sententia
974 1763 1079 1796 cedit.

217 1812 512 1857 Acceleremus‚''
532 1813 593 1848 ait.
654 1813 794 1858 Vigiles
813 1815 922 1849 simul
941 1816 1079 1849 excitat
1097 1829 1103 1850 :
1133 1816 1187 1850 illi

220 1866 442 1910 Succedunt,
464 1869 684 1911 servantque
703 1868 800 1901 vices
818 1881 824 1903 ;
854 1868 1010 1902 statione
1030 1869 1168 1913 relicta,

219 1920 304 1965 Ipse
324 1932 442 1954 comcs
462 1920 553 1954 Niso
572 1920 750 1964 graditur,
772 1933 967 1966 regemque
986 1922 1188 1966 requirunt.

274 1973 402 2007 Cetera
422 1985 485 2017 per
502 1976 618 2007 ‘nenas
638 1985 764 2007 omnes
784 1975 956 2009 animalia
975 1987 1102 2010 somno

219 2026 411 2061 Laxabant
431 2038 546 2070 curas,
568 2029 605 2060 et
624 2026 733 2061 corda
751 2027 865 2062 oblita
883 2028 1048 2062 laborum
1066 2041 1073 2063 :

219 2080 400 2114 Ductores
421 2080 601 2114 Teucrum
620 2080 740 2124 primi,
763 2083 800 2114 et
820 2081 961 2115 delecta
976 2081 1166 2126 juventus,

221 2133 422 2167 Consilium
441 2133 593 2167 summis
611 2133 714 2177 regni
732 2134 777 2167 de
796 2134 904 2168 rebus
922 2135 1107 2169 habebant
1122 2148 1132 2176 3

221 2186 318 2227 Quid
337 2187 511 2229 facerent,
534 2186 661 2231 quisve
681 2187 812 2221 AEneae
827 2187 905 2231 jam
925 2188 1080 2221 nuncius
1100 2190 1203 2223 esset.

222 2240 330 2273 Stant
349 2240 467 2283 longis
486 2240 613 2273 adnixi
631 2240 758 2283 hastis,
781 2243 818 2274 et
838 2244 940 2274 scuta
958 2243 1138 2284 tenenth

221 2293 432 2326 Castrorum
451 2296 488 2326 et
507 2293 624 2337 campi
643 2293 772 2327 medio.
833 2294 926 2327 Tum
948 2294 983 2327 N
986 2294 1072 2337 15115,
1095 2297 1132 2328 et
1151 2306 1225 2329 una

222 2346 414 2391 Euryalus,
440 2347 630 2380 confestim
649 2347 783 2381 alacres
801 2346 988 2381 admittier
1006 2349 1110 2381 orant
1129 2360 1135 2382 :

1388 167 1428 191 190

1389 433 1427 454 195

1388 698 1430 718 200

1390 964 1431 983 205

1395 1229 1435 1248 ¹:10

1399 2028 1441 2048 225
