1528 2569
635 55 770 84 LIBER
797 56 861 84 111.

203 143 385 180 Semesam
403 146 564 190 praedam
582 149 620 181 et
639 147 791 191 vestigia
808 147 908 181 foeda
923 146 1146 191 relinquunt.

203 197 288 232 Una
305 198 344 232 in
362 199 533 242 praecelsa
550 200 714 234 consedit
730 212 820 244 rupe
839 200 996 242 Celaeno,

204 249 341 285 Infelix
363 255 473 295 vates,
495 253 706 298 rumpitque
724 253 817 287 hanc
835 255 980 297 pectore
997 264 1125 287 vocem
1143 264 1152 287 ε

207 305 233 322 “
245 303 391 338 Bellum
410 305 521 339 etiam
539 317 604 349 pro
624 306 722 340 caede
741 306 852 340 boum
871 306 1068 349 stratisque
1082 305 1263 350 juvencis,

203 355 536 400 Laomedonffiadae,
557 359 741 393 bellumne
759 359 892 393 inferre
910 359 1058 403 paratis,

203 409 253 443 Et
270 410 390 453 patrio
407 411 572 445 insontes
590 411 774 456 Harpyias
791 412 924 456 pellere
942 423 1052 456 reguo
1067 412 1080 446 2

203 463 368 506 Accipite
387 476 471 507 ergo
490 465 620 498 animis
638 468 748 509 atque
767 465 844 499 haec
861 477 942 499 mea
961 465 1060 509 figite
1080 464 1178 498 dicta
1196 477 1202 499 :

204 515 294 556 Quae
313 516 454 550 Phoebo
473 521 576 561 pater
594 518 835 562 omnipotens,
857 518 947 551 mihi
965 518 1128 551 Phoebus
1146 517 1279 562 Apollo

204 567 394 613 Praedixit,
417 570 520 604 vobis
538 570 719 605 furiarum
735 582 801 615 ego
820 571 980 604 maxima
997 570 1118 615 pando
1137 583 1144 605 :

204 621 352 655 Italiam
371 634 477 656 cursu
495 624 621 667 petitis
638 637 646 665 ;
674 624 866 667 ventisque
888 624 1023 657 vocatis

204 673 313 708 Ibitis
331 675 489 719 Italiam,
511 679 711 720 portusque
730 677 866 710 intrare
884 676 1008 710 h‘cebit
1025 689 1032 710 ;

205 727 278 761 Sed
295 739 370 764 non
389 731 475 762 aute
493 729 618 762 datam
638 729 789 772 cingetis
807 729 990 763 moenibus
1007 729 1147 771 urbem,

206 780 325 821 Quam
346 793 407 814 vos
426 781 505 815 dira
523 782 637 815 fames
655 785 863 826 nostraeque
883 782 1020 826 injuria
1038 781 1150 816 caedis

205 834 382 868 Ambesas
401 834 546 878 subigat
564 835 669 869 malis
688 835 876 869 absumere
894 835 1073 870 mensas.'’

204 886 310 921 Dixit
329 900 336 922 :
365 890 402 921 et
420 887 459 920 in
479 888 619 931 sylvam
638 888 766 932 pennis
785 888 907 922 ablata
924 888 1070 932 refugit.

205 941 258 974 At
277 941 380 973 sociis
399 941 521 974 subita
539 941 681 984 gelidus
699 941 893 974 formidine
913 941 1060 985 sanguis

205 993 367 1036 Diriguit
383 1007 391 1035 ;
420 994 579 1028 cecidere
597 994 709 1028 animi
727 1008 736 1035 ;
764 1006 831 1028 nec
845 995 923 1038 jam
941 994 1096 1038 amplius
1115 993 1236 1037 armis,

208 1046 279 1080 Sed
300 1047 393 1080 votis
410 1047 650 1092 precibusque
665 1048 799 1091 jubent
818 1059 1009 1091 exposcere
1028 1058 1165 1091 pacem,

206 1099 290 1133 Sive
308 1099 406 1143 Deae,
430 1111 495 1134 seu
513 1101 588 1134 sint
605 1101 694 1134 dirae
713 1101 962 1144 obscoenaeque
978 1101 1150 1134 volucres.

207 1153 259 1186 At
278 1155 381 1196 pater
398 1153 587 1197 Anchises,
609 1154 722 1198 passis
741 1154 786 1187 de
804 1154 929 1187 littore
948 1154 1090 1197 palmis,

208 1205 374 1240 Numina
391 1218 523 1250 magna
542 1210 660 1250 vocat,
682 1207 904 1250 meritosque
922 1207 1052 1240 indicit
1070 1206 1225 1239 honores
1245 1219 1252 1241 z

212 1260 237 1276 “
252 1259 313 1302 Di,
335 1259 523 1303 prohibete
541 1260 658 1293 minas
678 1273 686 1301 ;
714 1260 773 1303 Di,
797 1260 909 1293 talem
928 1260 1082 1293 avertite
1102 1271 1236 1302 casum,

209 1311 259 1345 Et
277 1312 410 1356 placidi
428 1315 569 1346 servate
587 1313 674 1356 pios.
682 1312 702 1329 ''
757 1313 850 1346 Tum
867 1313 992 1346 littore
1009 1312 1136 1345 funem

209 1362 389 1409 Diripere‚
411 1377 651 1409 excussosque
665 1366 774 1409 jubet
791 1366 914 1399 laxare
932 1365 1116 1398 rudentes.

262 1418 434 1452 Tendunt
452 1418 533 1452 vela
551 1418 644 1452 Noti
663 1431 671 1452 .’
698 1418 849 1451 ferimur
866 1418 1121 1462 spumantibus
1140 1417 1261 1461 undis,

211 1470 292 1512 Qua
309 1483 455 1505 cursum
474 1474 678 1515 ventusque
697 1471 989 1515 gubernatorque
1008 1471 1197 1505 vocabant.

210 1524 237 1558 J
238 1535 297 1558 am
314 1524 435 1558 medio
454 1527 604 1569 apparet
622 1525 738 1558 fluctu
756 1536 946 1558 nemorosa
964 1524 1184 1568 Zacynthos,

209 1577 507 1622 Dulichiumque,
531 1578 721 1622 Sameque,
743 1581 780 1612 et
799 1578 949 1612 Neritos
967 1577 1082 1611 ardua
1100 1577 1205 1611 saxis

210 1630 415 1675 Effugimus
433 1631 598 1675 scopulos
617 1631 767 1674 Ithacae,
790 1631 937 1665 Lae'rtia
953 1642 1076 1675 regna,

211 1684 261 1717 Et
278 1687 413 1718 terram
432 1685 596 1718 altricem
615 1685 702 1718 saevi
721 1695 932 1718 execramur
950 1684 1084 1728 Ulyssi.

211 1737 305 1770 Mox
322 1740 359 1771 et
378 1738 548 1771 Leucatae
565 1738 731 1771 nimbosa
749 1738 937 1771 cacumina
954 1737 1102 1780 montis,

210 1789 260 1823 Et
277 1790 495 1824 formidatus
513 1791 635 1824 nautis
652 1791 814 1835 aperitur
832 1790 973 1834 Apollo.

211 1842 324 1876 Hunc
338 1844 497 1887 petimus
514 1844 611 1886 fessi,
633 1846 670 1877 et
687 1854 809 1888 parvae
828 1843 1053 1877 succedimus
1071 1843 1152 1876 urbi
1167 1855 1178 1884 3

211 1896 357 1930 Ancora
376 1897 421 1930 de
439 1898 547 1940 prora
562 1897 710 1940 jacitur,
733 1899 834 1930 stant
852 1897 976 1930 littore
994 1907 1143 1939 puppes.

211 1949 308 1993 Ergo
327 1950 513 1993 insperata
531 1949 681 1983 tandem
699 1949 830 1983 tellure
849 1949 970 1993 potiti,

211 2003 499 2046 Lustramurque
518 2002 544 2035 J
546 2002 606 2036 ovi
625 2003 793 2046 votisque
811 2001 1040 2035 incendimus
1058 2013 1138 2035 aras
1155 2013 1166 2044 ;

215 2055 391 2100 Actiaque
410 2055 532 2089 Iliacis
550 2055 773 2089 celebramus
790 2055 917 2089 littora
934 2055 1041 2088 ludis.

216 2109 395 2142 Exercent
412 2109 548 2152 patrias
567 2109 646 2142 oleo
665 2109 810 2142 labente
828 2109 1015 2152 palaestras

215 2161 358 2195 Nudati
376 2162 464 2195 socii
484 2174 490 2196 :
515 2161 625 2206 juvat
645 2161 799 2195 evasisse
817 2164 874 2194 tot
893 2161 1001 2194 urbes

211 2215 413 2258 Argolicas,
434 2215 645 2259 mediosque
664 2215 788 2259 fugam
807 2214 968 2248 tenuisse
986 2225 1051 2258 per
1068 2213 1201 2248 hostes.

212 2267 360 2302 Interea
377 2279 550 2312 magnum
569 2268 622 2302 sol
641 2267 938 2302 circumvolvitur
955 2278 1105 2309 annum,

212 2320 263 2355 Et
280 2321 440 2365 glacialis
457 2321 573 2355 hiems
591 2321 825 2365 aquilonibus
844 2323 987 2364 asperat
1007 2320 1134 2354 midas.

1354 49 1407 86 45

1368 198 1410 218 245

1370 725 1411 746 25⁵
