1559 2584
155 86 236 123 234

631 95 819 124 VIRGILII
849 96 1004 124 AENEIS.

262 183 448 227 Ingentes,
471 183 611 226 genitos
631 183 784 216 diversis
802 183 965 227 partibus
983 182 1092 228 orbis,

261 236 366 270 Inter
385 248 422 269 se
442 236 567 269 coiisse
586 235 694 278 viros,
718 238 755 269 et
774 236 918 269 cer'nere
936 235 1041 270 ferro.

262 289 387 333 Atque
406 288 472 332 illi,
494 291 538 322 ut
556 299 671 322 vacuo
689 290 888 332 patuerunt
907 300 1052 333 aequore
1072 289 1189 334 campi

264 342 446 376 Procursu
463 339 592 385 rapido
612 341 785 386 conjectis
804 341 946 375 eminus
963 342 1089 385 hastis,

263 394 453 429 Invadunt
472 394 633 428 Martem
651 394 786 439 clypeis
804 396 915 438 atque
935 406 1005 428 aere
1023 406 1163 429 sonoro.

262 448 339 481 Dat
357 447 536 492 gemitum
554 448 664 481 tellus
684 461 692 489 ;
720 450 802 481 tum
822 447 963 481 crebros
982 448 1128 481 ensibus
1148 448 1243 482 ictus

263 500 530 544 Congeminant
548 513 555 534 z
583 501 658 534 fors
677 502 714 534 et
732 500 850 534 virtus
868 501 1070 534 miscentur
1087 501 1126 534 in
1145 512 1271 536 unum.

263 554 319 587 Ac
337 554 452 597 velut,
474 553 616 598 ingenti
635 553 711 587 Sila
730 565 918 587 summove
939 554 1121 594 Taburno,

265 606 388 647 Quum
408 607 482 640 duo
502 606 682 640 conversis
700 606 848 640 inimica
866 606 905 639 in
924 607 1048 650 praelia
1066 607 1164 640 tauri

263 659 463 693 Frontibus
482 659 688 703 incurrunt,
710 659 834 704 pavidi
854 661 988 693 cesse-re
1007 659 1171 703 magistri
1190 673 1198 702 3

265 712 347 746 Stat
366 725 475 756 pecus
493 724 600 747 omne
620 716 723 746 metu
741 716 888 746 mutum
906 727 913 754 ;
933 715 1171 757 mussantque
1182 713 1364 757 juvencae,

265 765 354 807 Quis
373 766 513 800 nemori
531 766 730 810 imperitet,
753 778 863 810 quem
881 768 961 800 tota
980 769 1145 800 armenta
1164 770 1367 811 sequantur
1386 779 1393 802 :

263 819 326 852 Illi
343 819 441 853 inter
459 831 535 853 sese
554 820 674 853 multa
688 819 725 853 vi
744 819 895 853 vulnera
910 819 1075 863 miscent,

263 872 481 916 Cornuaque
499 872 627 906 obnixi
643 872 814 916 infigunt,
837 875 874 905 et
888 872 1064 916 sanguine
1082 873 1183 916 largo

264 925 365 959 Colla
383 937 574 970 armosque
593 926 719 959 lavant
737 939 745 967 3
774 925 913 969 gemitu
932 937 1060 959 nemus
1080 938 1186 959 omne
1206 926 1363 970 remugit
1382 940 1388 961 z

264 978 378 1012 Haud
397 979 503 1012 aliter
522 979 610 1012 Tros
629 979 768 1012 iEneas
787 982 823 1011 et
842 979 1009 1012 Daunius
1027 978 1135 1012 heros

264 1032 495 1065 Concurrunt
515 1031 649 1075 clypeis
670 1045 677 1073 ;
706 1031 834 1075 ingens
852 1031 973 1075 fragor
992 1031 1129 1065 aethera
1149 1032 1315 1076 complet.

264 1084 414 1128 Jupiter
432 1084 508 1128 ipse
527 1085 618 1117 duas
637 1087 783 1128 aequato
802 1084 968 1118 examine
986 1084 1107 1118 lances

265 1138 443 1181 Sustinet,
464 1140 500 1171 et
519 1137 596 1170 fata
614 1137 771 1181 imponit
790 1137 932 1170 diversa
951 1137 1108 1171 duorum
1127 1150 1135 1179 ;

265 1190 383 1232 Quem
403 1190 553 1224 damnet
573 1190 688 1233 labor,
711 1192 748 1223 et
768 1201 841 1234 quo
860 1193 987 1234 vergat
1006 1191 1164 1234 pondere
1183 1191 1308 1226 letum.

264 1244 407 1277 Emicat
425 1243 495 1287 hic,
517 1243 667 1288 impune
686 1246 832 1287 putans,
851 1245 887 1277 et
908 1255 1054 1287 corpore
1073 1246 1153 1278 toto

265 1297 352 1330 Alte
372 1297 558 1330 sublatum
578 1297 764 1340 consurgit
783 1296 926 1330 Turnus
945 1296 983 1329 in
1004 1308 1139 1340 ensem,

264 1350 313 1384 Et
332 1350 417 1383 ferit
438 1363 444 1384 :
474 1350 681 1384 exclamant
700 1350 820 1393 Troes,
842 1350 1049 1394 trepidique
1069 1350 1204 1394 Latini,

264 1403 500 1448 Arrectaeque
520 1403 711 1437 amborum
730 1403 842 1437 acies:
872 1406 910 1437 at
928 1403 1088 1448 perfidus
1108 1403 1202 1437 ensis

264 1456 475 1500 Frangitur,
497 1456 535 1489 in
555 1457 748 1500 medioque
768 1456 957 1490 ardentem
977 1457 1111 1490 deserit
1130 1457 1207 1490 ictu
1225 1469 1232 1491 :

264 1509 317 1543 Ni
336 1510 422 1553 fuga
442 1509 603 1543 subsidio
622 1510 761 1543 subeat.
823 1510 935 1553 Fugit
955 1521 1064 1553 ocyor
1083 1510 1194 1553 Euro,

264 1562 318 1596 Ut
337 1563 507 1606 capulum
526 1563 692 1606 ignotum
711 1562 953 1606 dextramque
973 1563 1113 1606 aspexit
1132 1563 1317 1597 inermem.

264 1615 377 1650 Fama
397 1618 463 1659 est,
486 1616 722 1660 praecipitem,
746 1628 860 1659 quum
879 1615 995 1659 prima
1014 1615 1052 1649 in
1071 1616 1196 1659 przelia
1210 1615 1361 1659 junctos

264 1668 538 1702 Conscendelat
559 1680 683 1713 equos,
706 1669 824 1712 patrio
843 1680 1014 1702 mucrone
1034 1669 1171 1711 relicto,

263 1722 362 1755 Dum
382 1722 555 1766 trepidat,
576 1722 713 1755 fen-um
733 1722 869 1765 aurigae
888 1722 1048 1766 rapuisse
1064 1722 1210 1756 Metisci
1226 1735 1235 1764 3

264 1775 383 1819 quue
403 1775 479 1818 diu,
503 1775 592 1808 dum
611 1778 714 1819 terga
733 1775 871 1808 dabant
891 1775 1054 1819 palantia
1073 1775 1213 1819 Teucri,

265 1828 416 1862 Suffecit
434 1842 441 1870 3
470 1830 664 1872 postquam
683 1840 783 1862 arma
801 1828 871 1862 Dei
890 1828 936 1862 ad
957 1828 1138 1862 Vulcania
1156 1830 1322 1873 ventum,

263 1881 434 1915 Mortalis
454 1893 592 1924 mucro,
616 1882 748 1925 glacies
768 1893 834 1915 ceu
853 1881 982 1925 futilis,
1004 1882 1081 1915 ictu

263 1934 434 1968 Dissiluit
454 1948 462 1976 ;
491 1935 595 1968 fulva
614 1935 849 1978 resplendent
868 1935 1046 1979 fragmina
1065 1936 1186 1969 arena.

263 1988 358 2032 Ergo
378 1999 502 2021 amens
522 1987 663 2021 diversa
682 1988 770 2032 fuga
787 1988 882 2032 petit
901 1999 1049 2032 aequora
1068 1988 1225 2032 Turnus,

262 2041 312 2075 Et
331 2053 430 2075 nunc
448 2041 532 2084 huc,
555 2041 642 2075 inde
660 2041 732 2074 huc
751 2044 907 2075 incertos
925 2041 1088 2085 implicat
1107 2041 1210 2075 orbes
1228 2054 1235 2076 :

264 2094 438 2138 Undique
459 2094 556 2128 enim
576 2094 690 2128 densa
710 2094 839 2128 Teucri
857 2094 1035 2129 inclusere
1054 2096 1187 2128 corona
1207 2108 1215 2136 ;

262 2147 389 2191 Atque
409 2146 494 2181 hinc
514 2149 616 2181 vasta
635 2147 752 2191 palus,
775 2147 860 2181 hinc
880 2147 995 2182 ardua
1013 2148 1149 2181 moenia
1168 2147 1329 2191 cingunt.

263 2200 344 2234 Nec
363 2200 485 2233 minus
506 2201 656 2243 AEneas,
682 2212 894 2245 quanquam
912 2201 1058 2234 tardata
1078 2201 1211 2244 sagitta

263 2253 458 2287 Interdum
478 2265 597 2297 genua
617 2253 836 2298 impediunt,
860 2265 1078 2298 cursumque
1098 2256 1278 2297 recusant,

263 2306 490 2350 Insequitur,
515 2306 723 2351 trepidique
742 2307 872 2351 pedem
892 2307 984 2351 pede
1002 2307 1166 2340 fervidus
1186 2309 1291 2351 urget
1309 2318 1318 2344 z

264 2358 452 2394 Inclusum
474 2359 589 2394 veluti
610 2359 639 2393 si
659 2360 807 2404 quando
826 2359 863 2394 in
884 2360 1035 2394 flumine
1053 2362 1182 2394 nactus

1433 287 1475 312 710

1433 552 1474 576 715

1432 818 1474 841 720

1434 1084 1475 1108 725

1436 1348 1478 1371 530

1435 1879 1476 1902 74⁰

1437 2146 1478 2169 715
