1559 2584
154 111 208 146 24

559 117 744 145 VIRGLLII
775 115 1008 144 GEORGICA.

260 204 420 240 Concilia
437 204 618 238 incertum
637 206 692 237 est
712 217 720 245 ;
748 204 903 237 urbesne
921 204 1089 248 invisere,
1112 204 1242 248 Oaesar,

260 259 523 302 Terrarumque
542 258 632 291 velis
651 268 787 299 curam,
810 259 846 290 et
865 259 902 290 te
921 257 1101 291 maximus
1120 258 1217 292 orbis

260 312 459 346 Auctorem
477 311 623 354 frugum
641 312 976 353 tempestatumque
995 313 1185 354 potentem

260 364 437 408 Accipiat,
460 363 607 407 cingens
625 364 792 396 materna
810 365 975 406 tempora
994 366 1135 406 myrto:

265 418 326 452 An
345 418 445 451 Deus
463 416 631 450 immensi
649 416 773 449 venias
792 416 914 458 maris,
937 427 977 449 ac
995 418 1061 449 tua
1082 419 1205 450 nautae

260 471 425 504 Numina
444 469 520 503 sola
539 469 679 510 colant3
709 468 778 502 tibi
797 468 932 502 serviat
951 469 1083 502 ultima
1102 469 1229 512 Thule,

260 524 382 567 Teque
402 522 470 556 sibi
488 533 661 565 generum
681 521 817 565 Tethys
836 524 933 555 emat
953 521 1122 554 omnibus
1142 522 1269 557 undis:

260 577 368 610 Anne
387 586 525 609 novum
543 574 658 608 tardis
678 574 778 607 sidus
797 576 834 607 te
854 574 1039 607 mensibus
1058 574 1185 618 addas,

260 628 342 670 Qua
358 629 459 662 locus
477 627 660 672 Erigonen
678 627 775 661 'mter
795 627 995 670 Chelasque
1016 630 1209 670 sequentes

259 682 460 722 Panditur3
488 681 565 725 ipse
583 681 652 714 tibi
666 681 745 724 jain
764 680 910 714 brachia
930 681 1112 713 contrahit
1132 680 1264 715 ardens

260 735 437 779 Scorpios,
460 737 496 768 et
516 734 598 768 coeli
611 733 714 777 justa
732 733 814 777 plus
833 735 935 777 parte
954 733 1129 777 relinquit
1147 746 1153 768 :

259 788 443 832 Quicquid
462 787 686 830 e1·is,—nam
705 789 742 820 te
761 798 827 820 nec
846 789 991 830 sperent
1011 787 1161 820 Tartara
1178 798 1312 831 regem,

259 841 340 875 Nec
357 841 427 874 tibi
444 840 621 884 regnandi
634 840 758 873 veniat
777 842 853 873 tam
872 840 951 873 dira
969 839 1113 883 cupido,

260 893 435 935 Quamvis
454 893 596 937 Elysios
614 893 767 926 miretur
786 892 926 926 Graecia
945 904 1102 936 campos,

260 947 341 981 Nec
358 947 514 991 repetita
533 946 636 989 sequi
656 948 757 979 curet
777 945 995 989 Proserpina
1013 948 1238 990 matrem,—

259 1001 318 1035 Da
335 1000 478 1033 facilem
498 1011 655 1042 cursum,
677 1001 787 1042 atque
807 998 1005 1032 audacibus
1024 1010 1144 1032 annue
1164 999 1302 1044 coeptis,

260 1053 485 1097 Ignarosque
507 1051 573 1086 viae
592 1063 734 1085 mecum
752 1051 944 1085 miseratus
963 1054 1133 1095 agrestes,

261 1106 470 1150 Ingredere,
492 1107 529 1139 et
547 1105 643 1138 votis
659 1105 737 1149 jam
755 1116 854 1138 nunc
873 1116 1036 1138 assuesce
1055 1105 1186 1139 vocari.

314 1159 410 1193 Vere
429 1169 537 1201 novo,
559 1158 699 1201 gelidus
719 1157 817 1191 canis
836 1169 951 1201 quum
969 1158 1155 1192 montibus
1173 1158 1306 1192 humor

260 1212 444 1256 Liqustur,
467 1213 504 1245 et
523 1211 690 1254 Zephyro
709 1211 826 1254 putris
846 1222 882 1244 se
901 1210 1006 1254 gleba
1024 1211 1173 1245 resolvit
1193 1225 1201 1253 ;

259 1266 438 1309 Depresso
456 1263 606 1308 incipiat
620 1264 699 1307 jam
716 1266 799 1296 tum
817 1263 907 1296 mihi
925 1266 1053 1297 taurus
1072 1267 1194 1298 aratro

261 1319 463 1362 Ingemere,
485 1320 523 1351 et
542 1316 642 1351 sulco
662 1316 811 1350 attritus
831 1316 1078 1360 splendescere
1098 1329 1232 1352 vomer.

260 1371 331 1405 Illa
349 1382 449 1415 seges
468 1371 617 1404 demum
635 1369 731 1403 votis
750 1369 946 1413 respondet
962 1370 1062 1403 avari

260 1424 451 1468 Agricolae,
467 1423 523 1457 bis
543 1434 625 1467 quae
645 1422 769 1465 solem,
792 1422 847 1455 bis
866 1422 999 1466 frigora
1019 1423 1152 1458 sensit:

259 1477 365 1511 Illius
384 1478 570 1510 immensae
589 1478 769 1519 ruperunt
787 1475 917 1509 horrea
938 1487 1080 1510 messes.

258 1531 312 1565 At
330 1531 430 1575 prius
449 1530 616 1574 ignotum
634 1529 728 1562 ferro
748 1540 859 1572 quam
879 1529 1076 1562 scindimus
1096 1540 1233 1574 aequor,

258 1582 402 1617 Ventos
421 1586 458 1617 et
476 1583 618 1617 varium
637 1582 719 1615 oceli
737 1582 949 1625 praediscere
969 1594 1106 1616 morem

261 1637 356 1671 Cura
375 1637 434 1680 sit,
456 1647 498 1670 ac
516 1635 653 1680 patrios
673 1635 864 1678 cultusque
884 1635 1102 1679 habitusque
1121 1636 1283 1670 locorum
1300 1649 1308 1677 3

259 1690 309 1724 Et
329 1690 419 1734 quid
439 1700 595 1733 quaeque
615 1688 708 1721 serat
727 1688 838 1732 regio,
861 1691 898 1721 et
913 1688 1002 1732 quid
1022 1701 1179 1733 qineque
1198 1692 1347 1723 recuset.

258 1743 332 1777 Hic
351 1745 500 1787 segetes,
522 1742 596 1775 illic
616 1741 770 1775 veniunt
788 1741 928 1775 felicius
947 1753 1029 1775 uvae
1049 1755 1058 1784 ;

258 1796 412 1830 Arborei
431 1796 543 1830 foetus
562 1794 662 1837 alibi,
685 1797 795 1838 atque
814 1794 954 1838 injussa
973 1795 1158 1828 virescunt

259 1849 442 1884 Gramina.
505 1849 641 1882 Nonne
661 1847 776 1890 vides,
800 1859 942 1881 croceos
961 1850 1004 1881 ut
1025 1848 1173 1881 Tmolus
1193 1848 1335 1892 odores,

258 1902 367 1936 India
386 1902 504 1935 mittit
523 1902 624 1943 ebur,
644 1901 771 1934 molles
792 1912 856 1934 sua
875 1901 985 1934 thura
1006 1901 1123 1934 Sabaei
1144 1915 1152 1943 3

258 1956 311 1989 At
331 1955 512 1998 Chalybes
531 1954 623 1988 nudi
644 1954 793 1996 ferrum,
816 1954 1005 1997 virosaque
1026 1954 1169 1988 Pontus

259 2009 440 2051 Castorea,
463 2008 633 2041 Eliadum
652 2007 791 2050 palmas
811 2006 943 2050 Epirus
963 2008 1169 2051 equarum?

259 2062 442 2096 Continuo
461 2061 526 2095 has
544 2061 652 2104 leges,
676 2062 884 2104 {eternaque
903 2060 1042 2094 foedera
1062 2060 1169 2094 certis

258 2115 440 2158 Imposuit
460 2116 591 2147 natura
610 2113 709 2156 locis,
733 2124 805 2156 quo
824 2116 988 2156 tempore
1008 2114 1168 2157 primum

257 2168 459 2202 Deucalion
478 2178 635 2201 vacuum
653 2166 790 2210 lapides
805 2166 963 2210 jactavit
982 2166 1021 2199 in
1041 2167 1184 2200 orbem:

259 2221 368 2255 Unde
387 2220 552 2254 homines
571 2219 662 2262 nati,
685 2219 820 2253 durum
839 2231 962 2263 genus.
1024 2219 1121 2263 Ergo
1140 2231 1215 2263 age,
1238 2220 1347 2253 terrm

259 2274 401 2317 Pingue
421 2274 540 2307 solum
558 2273 685 2316 primis
705 2273 889 2316 extemplo
909 2284 930 2306 a
949 2272 1133 2305 mensibus
1152 2272 1240 2306 anni

258 2327 387 2362 Fortes
406 2326 591 2360 invertant
611 2326 729 2359 tauri:
758 2326 953 2369 glebasque
969 2325 1133 2369 jacentes

261 2379 522 2414 Pulverulenta
541 2381 673 2422 coquat
694 2379 845 2412 maturis
865 2378 1001 2412 solibus
1020 2381 1136 2413 aestas.

1449 464 1474 484 :30

1449 988 1475 1009 40

1456 1258 1479 1277 15

1451 1792 1479 1814 55

1451 2055 1481 2076 60
