1559 2584
93 71 147 107 40

566 81 752 108 VIRGILII
781 81 935 110 AENEIS.

196 168 321 202 Multa
338 180 488 203 movens
507 169 628 203 animo
648 170 841 214 Nymphas
861 171 1059 206 venerabar
1074 177 1243 218 agrestes,

199 222 474 266 Gradivumque
493 225 646 266 patrem,
671 223 808 256 Geticis
827 223 891 267 qui
909 224 1081 267 praesidet
1100 228 1208 271 arvis,

198 274 285 308 Rite
304 276 546 308 secundarent
566 276 665 309 visus
684 287 863 320 omenque
882 276 1055 312 levarent.

197 326 321 361 Tertia
340 328 401 361 sed
421 330 620 372 postquam
638 328 775 372 majore
794 328 942 362 hastilia
960 330 1052 364 nixu

198 380 411 424 Aggredior,
433 381 660 425 genibusque
679 381 841 415 adversae
861 382 1027 416 obluctor
1046 395 1177 428 arenae,

200 433 388 477 (Eloquar,
410 445 458 467 an
478 434 603 467 sileam
619 434 658 479 2)
687 434 845 478 gemitus
864 434 1108 478 lacrymabilis
1127 437 1201 472 imo

199 486 363 519 Auditur
381 487 538 530 tumulo,
561 489 598 520 et
617 498 690 520 vox
707 487 853 520 reddita
870 488 989 521 fertur
1008 488 1054 522 ad
1073 500 1199 525 aures:

204 540 230 556 “
243 537 343 579 Quid
361 539 548 582 miserum,
571 540 704 582 AEnea,
727 540 888 574 laceras?
911 540 989 584 jam
1009 553 1114 584 parce
1134 543 1276 587 sepulto
1293 557 1302 586 ;

198 591 312 625 Parce
331 592 408 635 pias
427 592 599 626 scelerare
618 604 752 626 manus
769 606 776 634 ;
806 605 880 626 11011
900 605 957 627 me
977 594 1047 627 tibi
1065 594 1172 639 Troja

199 644 405 678 Externum
424 645 512 679 tulit
530 659 538 687 ;
566 646 666 679 haud
685 657 791 679 cruor
810 645 869 679 hic
889 646 933 679 de
953 646 1078 690 stipite
1097 651 1229 683 manat.

200 697 286 731 Heu
304 698 388 742 fuge
408 699 571 732 crudeles
589 701 716 742 terras,
737 699 822 742 fuge
840 699 947 732 littus
964 711 1137 744 avarum;

199 749 300 784 Nam
319 751 523 795 Polydonls
543 763 607 795 ego
626 764 632 786 :
661 752 720 785 hic
739 752 923 785 confixum
942 753 1058 787 ferrea
1075 753 1170 787 texit

199 803 368 837 Telorum
387 816 498 848 seges,
521 808 557 838 et
572 805 703 849 jaculis
722 805 875 838 increvit
890 805 1044 839 acutis.'’

201 856 295 890 Tum
315 869 399 891 vero
418 857 568 901 ancipiti
586 860 747 891 mentem
766 858 961 891 formidine
980 870 1124 903 pressus

201 909 399 954 Obstupui,
421 913 675 955 steteruntque
696 922 806 944 comae
827 914 864 944 et
883 923 955 944 vox
974 912 1141 946 faucibus
1160 912 1278 947 haesit.

253 962 366 996 Hunc
385 963 624 1007 Polydorum,
647 964 726 996 auri
745 964 930 1007 quondam
951 976 1034 998 cum
1053 966 1213 1008 pondere
1232 977 1374 1011 magno,

200 1011 340 1049 Infelix
359 1016 528 1050 Priamus
547 1013 677 1050 siutim
696 1016 890 1050 mandarat
909 1017 1083 1051 alendum

200 1067 365 1102 Threicio
384 1068 486 1112 regii
516 1081 631 1113 quum
645 1069 723 1113 jam
742 1069 923 1102 diffideret
941 1070 1052 1105 armis

201 1120 410 1164 Dardaniae,
430 1121 598 1165 cingique
616 1122 744 1155 urbem
763 1122 951 1156 obsidione
969 1123 1119 1156 videret.

202 1173 283 1217 Ille,
305 1177 348 1207 ut
367 1186 452 1218 opes
471 1175 597 1208 fractae
616 1174 808 1218 Teucrum,
832 1177 869 1208 et
887 1175 1052 1210 Fortuna
1071 1177 1229 1221 recessit,

203 1227 277 1260 Res
295 1227 602 1271 Agamemnonias
620 1226 855 1272 victriciaque
875 1240 974 1262 arma
993 1232 1150 1272 secutus,

204 1279 275 1313 Fas
294 1292 400 1313 omne
420 1281 617 1325 abrumpit,
641 1281 864 1325 Polydorum
885 1282 1092 1325 obtruncat,
1115 1285 1151 1316 et
1170 1295 1258 1317 auro

205 1332 255 1366 Vi
273 1334 422 1376 potitur.
485 1333 581 1374 Quid
602 1345 676 1367 11011
696 1334 864 1367 mortalia
882 1337 1030 1378 pectora
1049 1336 1156 1379 cogis,

206 1386 300 1419 Auri
319 1398 417 1420 sacra
435 1387 549 1420 fames
565 1387 576 1420 ‘l
630 1387 829 1431 Postquam
851 1399 964 1431 pavor
982 1399 1062 1422 ossa
1079 1389 1240 1433 reliquit,

206 1438 376 1472 Delectos
394 1440 519 1483 populi
539 1440 584 1473 ad
603 1451 780 1483 proceres,
802 1441 1035 1484 primumque
1054 1445 1255 1485 parentem,

207 1492 376 1525 Monstra
394 1493 515 1526 Deum
537 1494 654 1526 refero
674 1506 682 1534 ;
711 1495 759 1535 et,
783 1505 865 1536 quae
885 1494 932 1527 sit
951 1495 1145 1538 sententia,
1166 1507 1283 1539 posco.

207 1544 387 1578 Omnibus
405 1545 502 1578 idem
521 1546 677 1588 animus,
699 1546 872 1579 scelerata
891 1547 1064 1580 excedere
1083 1550 1194 1591 terra,

207 1597 389 1641 Linquere
407 1598 591 1642 pollutum
609 1598 820 1642 hospitium,
844 1601 881 1632 et
900 1599 985 1632 dare
1005 1600 1179 1634 classibus
1197 1601 1362 1635 Austros.

206 1650 303 1694 Ergo
322 1651 568 1685 instauramus
588 1651 772 1695 Polydoro
790 1652 915 1694 funus,
938 1654 976 1685 et
994 1652 1121 1696 ingens

204 1703 403 1747 Aggeritur
420 1705 564 1738 tumulo
582 1704 693 1737 tellus
712 1717 718 1738 :
749 1707 849 1738 stant
868 1705 1037 1738 manibus
1055 1717 1140 1750 arae,

208 1756 382 1790 Coeruleis
401 1760 541 1790 moestae
562 1757 665 1790 vittis
684 1759 837 1801 atraque
857 1769 1024 1801 cupresso
1043 1770 1052 1799 ;

207 1808 256 1842 Et
276 1809 410 1843 circum
430 1810 564 1843 Iliades
584 1810 718 1843 crinem
739 1810 783 1843 de
803 1822 902 1843 more
922 1811 1064 1845 solutae.

208 1862 405 1896 Tnferimus
423 1863 548 1906 tepido
565 1863 773 1907 spumantia
787 1863 930 1907 cymbia
944 1863 1050 1906 lacte,

208 1915 401 1959 Sanguinis
421 1919 458 1949 et
478 1916 568 1949 sacri
587 1918 730 1959 pateras
747 1929 754 1957 3
783 1916 1015 1960 animamque
1035 1916 1224 1960 sepulchro

208 1968 421 2012 Condimus,
445 1972 482 2002 et
501 1971 634 2012 magna
654 1980 863 2012 supremum
882 1981 970 2003 voce
990 1969 1134 2003 ciemus.

208 2021 302 2054 Inde
322 2022 385 2054 ubi
405 2022 521 2065 prima
541 2022 631 2055 fides
651 2022 791 2065 pelago,
813 2022 1029 2066 placataque
1049 2022 1152 2055 venti

206 2073 308 2108 Dant
326 2075 450 2118 maria,
471 2077 508 2108 et
526 2075 619 2107 lenis
638 2075 818 2118 crepitans
836 2077 943 2108 vocat
962 2075 1097 2108 Auster
1114 2075 1151 2108 in
1173 2072 1291 2109 altum
1309 2089 1317 2118 ;

206 2127 405 2160 Dcducunt
424 2127 511 2161 socii
530 2139 653 2170 naves,
676 2130 713 2160 et
733 2125 859 2161 littora
879 2128 1072 2171 complent.

203 2179 448 2214 Provehimur
466 2183 587 2224 portu,
608 2183 787 2224 terraeque
806 2180 986 2224 urbesque
1005 2179 1197 2215 recedunt.

256 2232 363 2266 Sacra
381 2233 473 2266 mari
492 2231 627 2268 colitur
645 2228 766 2266 inedie
784 2233 988 2277 gratissima
1004 2232 1115 2266 tellus

203 2284 406 2319 Nereidum
425 2286 534 2319 matri
552 2289 589 2319 et
609 2285 787 2329 Neptuno
805 2286 946 2329 AEgaeo,

205 2337 324 2379 Quam
343 2339 424 2383 pius
443 2339 671 2384 Arcitenens,
692 2350 773 2372 oras
791 2340 829 2372 et
847 2336 974 2372 littora
992 2337 1127 2371 circum

1385 491 1416 510 40

1388 752 1416 773 45

1387 1017 1416 1037 ⁵0

1391 1283 1419 1302 5⁵

1392 1547 1421 1567 60

1395 1810 1424 1831 ⁶⁵

1394 2074 1424 2098 7⁰

1395 2336 1423 2361 7⁵
