<?xml version="1.0" encoding="UTF-8"?>
<!DOCTYPE html PUBLIC "-//W3C//DTD XHTML 1.0 Transitional//EN"
    "http://www.w3.org/TR/xhtml1/DTD/xhtml1-transitional.dtd">
<html xmlns="http://www.w3.org/1999/xhtml" xml:lang="en" lang="en">
 <head>
  <title>
</title>
<meta http-equiv="Content-Type" content="text/html;charset=utf-8" />
  <meta name='ocr-system' content='tesseract 3.04.00' />
  <meta name='ocr-capabilities' content='ocr_page ocr_carea ocr_par ocr_line ocrx_word'/>
</head>
<body>
  <div class='ocr_page' id='page_1' title='image "./operavir00virguoft_0054.png"; bbox 0 0 1559 2584; ppageno 0'>
   <div class='ocr_carea' id='block_1_1' title="bbox 111 113 162 149">
    <p class='ocr_par' dir='ltr' id='par_1_1' title="bbox 111 113 162 149">
     <span class='ocr_line' id='line_1_1' title="bbox 111 113 162 149; baseline -0.02 0"><span class='ocrx_word' id='word_1_1' title='bbox 111 113 162 149; x_wconf 87' lang='grc'>44</span> 
     </span>
    </p>
   </div>
   <div class='ocr_carea' id='block_1_2' title="bbox 548 119 1002 148">
    <p class='ocr_par' dir='ltr' id='par_1_2' title="bbox 548 119 1002 148">
     <span class='ocr_line' id='line_1_2' title="bbox 548 119 1002 148; baseline -0.004 0"><span class='ocrx_word' id='word_1_2' title='bbox 548 121 735 148; x_wconf 77' lang='lat' dir='ltr'><strong>VIRGILII</strong></span> <span class='ocrx_word' id='word_1_3' title='bbox 767 120 823 147; x_wconf 81' lang='lat' dir='ltr'>GE</span> <span class='ocrx_word' id='word_1_4' title='bbox 829 119 1002 147; x_wconf 83' lang='lat' dir='ltr'>ORGICA.</span> 
     </span>
    </p>
   </div>
   <div class='ocr_carea' id='block_1_3' title="bbox 215 206 1083 252">
    <p class='ocr_par' dir='ltr' id='par_1_3' title="bbox 215 206 1083 252">
     <span class='ocr_line' id='line_1_3' title="bbox 215 206 1083 252; baseline -0.002 -9"><span class='ocrx_word' id='word_1_5' title='bbox 215 210 331 252; x_wconf 88' lang='lat' dir='ltr'>Inter,</span> <span class='ocrx_word' id='word_1_6' title='bbox 353 211 390 242; x_wconf 89' lang='lat' dir='ltr'>et</span> <span class='ocrx_word' id='word_1_7' title='bbox 409 207 591 252; x_wconf 70' lang='lat' dir='ltr'>exciperet</span> <span class='ocrx_word' id='word_1_8' title='bbox 610 207 693 242; x_wconf 80' lang='lat' dir='ltr'>coeli</span> <span class='ocrx_word' id='word_1_9' title='bbox 710 206 940 250; x_wconf 86' lang='lat' dir='ltr'>indulgentia</span> <span class='ocrx_word' id='word_1_10' title='bbox 958 209 1083 241; x_wconf 80' lang='lat' dir='ltr'>terras,</span> 
     </span>
    </p>
   </div>
   <div class='ocr_carea' id='block_1_4' title="bbox 270 259 1386 305">
    <p class='ocr_par' dir='ltr' id='par_1_4' title="bbox 270 259 1386 305">
     <span class='ocr_line' id='line_1_4' title="bbox 270 259 1386 305; baseline -0.003 -10"><span class='ocrx_word' id='word_1_11' title='bbox 270 261 378 303; x_wconf 82' lang='lat' dir='ltr'>Quod</span> <span class='ocrx_word' id='word_1_12' title='bbox 396 264 572 305; x_wconf 84' lang='lat' dir='ltr'>superest,</span> <span class='ocrx_word' id='word_1_13' title='bbox 595 272 835 305; x_wconf 64' lang='lat' dir='ltr'>quaecumque</span> <span class='ocrx_word' id='word_1_14' title='bbox 854 271 993 303; x_wconf 80' lang='lat' dir='ltr'>premes</span> <span class='ocrx_word' id='word_1_15' title='bbox 1012 259 1171 303; x_wconf 82' lang='lat' dir='ltr'>virgulta</span> <span class='ocrx_word' id='word_1_16' title='bbox 1189 270 1254 303; x_wconf 91' lang='lat' dir='ltr'>per</span> <span class='ocrx_word' id='word_1_17' title='bbox 1271 270 1386 303; x_wconf 81' lang='lat' dir='ltr'>agros,</span> 
     </span>
    </p>
   </div>
   <div class='ocr_carea' id='block_1_5' title="bbox 216 313 1331 2435">
    <p class='ocr_par' dir='ltr' id='par_1_5' title="bbox 216 313 1331 2435">
     <span class='ocr_line' id='line_1_5' title="bbox 218 313 1255 360; baseline -0.004 -11"><span class='ocrx_word' id='word_1_18' title='bbox 218 315 352 360; x_wconf 82' lang='lat' dir='ltr'>Sparge</span> <span class='ocrx_word' id='word_1_19' title='bbox 372 315 458 348; x_wconf 88' lang='lat' dir='ltr'>fimo</span> <span class='ocrx_word' id='word_1_20' title='bbox 477 314 617 359; x_wconf 76' lang='lat' dir='ltr'>pingui,</span> <span class='ocrx_word' id='word_1_21' title='bbox 636 316 672 347; x_wconf 88' lang='lat' dir='ltr'>et</span> <span class='ocrx_word' id='word_1_22' title='bbox 691 314 811 347; x_wconf 76' lang='lat' dir='ltr'>multa</span> <span class='ocrx_word' id='word_1_23' title='bbox 830 324 969 346; x_wconf 83' lang='lat' dir='ltr'>memor</span> <span class='ocrx_word' id='word_1_24' title='bbox 987 313 1110 346; x_wconf 88' lang='lat' dir='ltr'>occule</span> <span class='ocrx_word' id='word_1_25' title='bbox 1129 315 1228 346; x_wconf 72' lang='lat' dir='ltr'>terra</span> <span class='ocrx_word' id='word_1_26' title='bbox 1246 325 1255 354; x_wconf 80' lang='lat'><em>3</em></span> 
     </span>
     <span class='ocr_line' id='line_1_6' title="bbox 216 365 1320 412; baseline -0.002 -10"><span class='ocrx_word' id='word_1_27' title='bbox 216 370 295 403; x_wconf 90' lang='lat' dir='ltr'>Aut</span> <span class='ocrx_word' id='word_1_28' title='bbox 314 368 474 412; x_wconf 80' lang='lat' dir='ltr'>lapidem</span> <span class='ocrx_word' id='word_1_29' title='bbox 494 367 675 410; x_wconf 86' lang='lat' dir='ltr'>bibulum,</span> <span class='ocrx_word' id='word_1_30' title='bbox 699 369 764 400; x_wconf 88' lang='lat' dir='ltr'>aut</span> <span class='ocrx_word' id='word_1_31' title='bbox 784 366 993 410; x_wconf 72' lang='lat' dir='ltr'>squalentes</span> <span class='ocrx_word' id='word_1_32' title='bbox 1012 365 1137 399; x_wconf 86' lang='lat' dir='ltr'>infode</span> <span class='ocrx_word' id='word_1_33' title='bbox 1157 366 1320 400; x_wconf 77' lang='lat' dir='ltr'>conchas.</span> 
     </span>
     <span class='ocr_line' id='line_1_7' title="bbox 216 419 1139 464; baseline -0.004 -9"><span class='ocrx_word' id='word_1_34' title='bbox 216 423 320 456; x_wconf 88' lang='lat' dir='ltr'>Inter</span> <span class='ocrx_word' id='word_1_35' title='bbox 338 422 436 454; x_wconf 81' lang='lat' dir='ltr'>em&#39;m</span> <span class='ocrx_word' id='word_1_36' title='bbox 454 421 625 454; x_wconf 81' lang='lat' dir='ltr'>labentur</span> <span class='ocrx_word' id='word_1_37' title='bbox 645 431 763 464; x_wconf 72' lang='lat' dir='ltr'>aquae,</span> <span class='ocrx_word' id='word_1_38' title='bbox 787 419 982 463; x_wconf 81' lang='lat' dir='ltr'>tenuisque</span> <span class='ocrx_word' id='word_1_39' title='bbox 1002 419 1139 452; x_wconf 82' lang='lat' dir='ltr'>subibit</span> 
     </span>
     <span class='ocr_line' id='line_1_8' title="bbox 217 471 1289 518; baseline -0.004 -10"><span class='ocrx_word' id='word_1_40' title='bbox 217 475 380 517; x_wconf 80' lang='lat' dir='ltr'>Halitus,</span> <span class='ocrx_word' id='word_1_41' title='bbox 402 477 514 518; x_wconf 85' lang='lat' dir='ltr'>atque</span> <span class='ocrx_word' id='word_1_42' title='bbox 533 473 672 507; x_wconf 89' lang='lat' dir='ltr'>animos</span> <span class='ocrx_word' id='word_1_43' title='bbox 690 473 824 506; x_wconf 91' lang='lat' dir='ltr'>tollent</span> <span class='ocrx_word' id='word_1_44' title='bbox 843 474 922 506; x_wconf 85' lang='lat' dir='ltr'>sata</span> <span class='ocrx_word' id='word_1_45' title='bbox 942 485 949 513; x_wconf 84' lang='lat'><em>3</em></span> <span class='ocrx_word' id='word_1_46' title='bbox 974 471 1124 516; x_wconf 85' lang='lat' dir='ltr'>jamque</span> <span class='ocrx_word' id='word_1_47' title='bbox 1143 471 1289 515; x_wconf 87' lang='lat' dir='ltr'>reperti,</span> 
     </span>
     <span class='ocr_line' id='line_1_9' title="bbox 218 524 1146 571; baseline -0.004 -10"><span class='ocrx_word' id='word_1_48' title='bbox 218 528 290 569; x_wconf 86' lang='lat' dir='ltr'>Qui</span> <span class='ocrx_word' id='word_1_49' title='bbox 310 538 397 561; x_wconf 82' lang='lat' dir='ltr'>saxo</span> <span class='ocrx_word' id='word_1_50' title='bbox 416 539 524 571; x_wconf 89' lang='lat' dir='ltr'>super</span> <span class='ocrx_word' id='word_1_51' title='bbox 543 529 653 570; x_wconf 78' lang='lat' dir='ltr'>atque</span> <span class='ocrx_word' id='word_1_52' title='bbox 672 525 831 570; x_wconf 77' lang='lat' dir='ltr'>ingentis</span> <span class='ocrx_word' id='word_1_53' title='bbox 850 524 1009 569; x_wconf 88' lang='lat' dir='ltr'>pondere</span> <span class='ocrx_word' id='word_1_54' title='bbox 1028 527 1146 568; x_wconf 70' lang='lat' dir='ltr'>testae,</span> 
     </span>
     <span class='ocr_line' id='line_1_10' title="bbox 218 578 1126 625; baseline -0.004 -10"><span class='ocrx_word' id='word_1_55' title='bbox 218 582 400 625; x_wconf 83' lang='lat' dir='ltr'>Urgerent</span> <span class='ocrx_word' id='word_1_56' title='bbox 421 593 427 615; x_wconf 91' lang='lat'><strong>:</strong></span> <span class='ocrx_word' id='word_1_57' title='bbox 456 581 523 613; x_wconf 89' lang='lat' dir='ltr'>hoc</span> <span class='ocrx_word' id='word_1_58' title='bbox 543 581 675 613; x_wconf 85' lang='lat' dir='ltr'>effusos</span> <span class='ocrx_word' id='word_1_59' title='bbox 693 579 883 612; x_wconf 85' lang='lat' dir='ltr'>munimen</span> <span class='ocrx_word' id='word_1_60' title='bbox 902 578 948 612; x_wconf 89' lang='lat' dir='ltr'>ad</span> <span class='ocrx_word' id='word_1_61' title='bbox 967 578 1099 611; x_wconf 83' lang='lat' dir='ltr'>imbres</span> <span class='ocrx_word' id='word_1_62' title='bbox 1118 591 1126 620; x_wconf 82' lang='lat'><em>3</em></span> 
     </span>
     <span class='ocr_line' id='line_1_11' title="bbox 219 631 1134 677; baseline -0.004 -9"><span class='ocrx_word' id='word_1_63' title='bbox 219 635 315 677; x_wconf 84' lang='lat' dir='ltr'>Hoc,</span> <span class='ocrx_word' id='word_1_64' title='bbox 337 633 401 667; x_wconf 86' lang='lat' dir='ltr'>ubi</span> <span class='ocrx_word' id='word_1_65' title='bbox 419 633 541 667; x_wconf 81' lang='lat' dir='ltr'>hiulca</span> <span class='ocrx_word' id='word_1_66' title='bbox 559 633 620 667; x_wconf 89' lang='lat' dir='ltr'>siti</span> <span class='ocrx_word' id='word_1_67' title='bbox 638 633 747 666; x_wconf 86' lang='lat' dir='ltr'>findit</span> <span class='ocrx_word' id='word_1_68' title='bbox 767 632 865 666; x_wconf 85' lang='lat' dir='ltr'>canis</span> <span class='ocrx_word' id='word_1_69' title='bbox 884 631 1020 665; x_wconf 73' lang='lat' dir='ltr'>aestifer</span> <span class='ocrx_word' id='word_1_70' title='bbox 1038 642 1134 665; x_wconf 87' lang='lat' dir='ltr'>arva.</span> 
     </span>
     <span class='ocr_line' id='line_1_12' title="bbox 272 685 1168 731; baseline -0.004 -10"><span class='ocrx_word' id='word_1_71' title='bbox 272 687 478 721; x_wconf 83' lang='lat' dir='ltr'>Seminibus</span> <span class='ocrx_word' id='word_1_72' title='bbox 496 687 635 731; x_wconf 87' lang='lat' dir='ltr'>positis,</span> <span class='ocrx_word' id='word_1_73' title='bbox 657 688 821 730; x_wconf 82' lang='lat' dir='ltr'>superest</span> <span class='ocrx_word' id='word_1_74' title='bbox 841 685 1019 718; x_wconf 82' lang='lat' dir='ltr'>deducere</span> <span class='ocrx_word' id='word_1_75' title='bbox 1034 687 1168 718; x_wconf 83' lang='lat' dir='ltr'>terram</span> 
     </span>
     <span class='ocr_line' id='line_1_13' title="bbox 219 738 1127 785; baseline -0.006 -10"><span class='ocrx_word' id='word_1_76' title='bbox 219 741 358 785; x_wconf 71' lang='lat' dir='ltr'>Saepius</span> <span class='ocrx_word' id='word_1_77' title='bbox 378 740 424 774; x_wconf 90' lang='lat' dir='ltr'>ad</span> <span class='ocrx_word' id='word_1_78' title='bbox 444 740 573 784; x_wconf 81' lang='lat' dir='ltr'>capita,</span> <span class='ocrx_word' id='word_1_79' title='bbox 597 742 633 773; x_wconf 88' lang='lat' dir='ltr'>et</span> <span class='ocrx_word' id='word_1_80' title='bbox 652 739 763 772; x_wconf 89' lang='lat' dir='ltr'>duros</span> <span class='ocrx_word' id='word_1_81' title='bbox 778 739 916 783; x_wconf 84' lang='lat' dir='ltr'>jactare</span> <span class='ocrx_word' id='word_1_82' title='bbox 935 738 1101 771; x_wconf 84' lang='lat' dir='ltr'>bidentes</span> <span class='ocrx_word' id='word_1_83' title='bbox 1119 750 1127 779; x_wconf 93' lang='lat'>;</span> 
     </span>
     <span class='ocr_line' id='line_1_14' title="bbox 219 791 1177 838; baseline -0.005 -10"><span class='ocrx_word' id='word_1_84' title='bbox 219 796 297 829; x_wconf 90' lang='lat' dir='ltr'>Aut</span> <span class='ocrx_word' id='word_1_85' title='bbox 316 805 437 838; x_wconf 88' lang='lat' dir='ltr'>presso</span> <span class='ocrx_word' id='word_1_86' title='bbox 456 805 621 827; x_wconf 80' lang='lat' dir='ltr'>exercere</span> <span class='ocrx_word' id='word_1_87' title='bbox 640 793 758 826; x_wconf 86' lang='lat' dir='ltr'>solum</span> <span class='ocrx_word' id='word_1_88' title='bbox 778 792 845 825; x_wconf 91' lang='lat' dir='ltr'>sub</span> <span class='ocrx_word' id='word_1_89' title='bbox 865 802 1022 834; x_wconf 84' lang='lat' dir='ltr'>vomere,</span> <span class='ocrx_word' id='word_1_90' title='bbox 1044 793 1081 824; x_wconf 90' lang='lat' dir='ltr'>et</span> <span class='ocrx_word' id='word_1_91' title='bbox 1099 791 1177 835; x_wconf 85' lang='lat' dir='ltr'>ipsa</span> 
     </span>
     <span class='ocr_line' id='line_1_15' title="bbox 219 845 1060 889; baseline -0.005 -8"><span class='ocrx_word' id='word_1_92' title='bbox 219 848 382 882; x_wconf 85' lang='lat' dir='ltr'>Flectere</span> <span class='ocrx_word' id='word_1_93' title='bbox 400 847 584 880; x_wconf 87' lang='lat' dir='ltr'>luctantes</span> <span class='ocrx_word' id='word_1_94' title='bbox 602 847 698 880; x_wconf 86' lang='lat' dir='ltr'>inter</span> <span class='ocrx_word' id='word_1_95' title='bbox 717 846 841 879; x_wconf 84' lang='lat' dir='ltr'>vineta</span> <span class='ocrx_word' id='word_1_96' title='bbox 855 845 1033 889; x_wconf 86' lang='lat' dir='ltr'>juvencos</span> <span class='ocrx_word' id='word_1_97' title='bbox 1053 856 1060 878; x_wconf 92' lang='lat'>:</span> 
     </span>
     <span class='ocr_line' id='line_1_16' title="bbox 219 898 1088 943; baseline -0.007 -8"><span class='ocrx_word' id='word_1_98' title='bbox 219 902 310 935; x_wconf 88' lang='lat' dir='ltr'>Tum</span> <span class='ocrx_word' id='word_1_99' title='bbox 331 901 429 934; x_wconf 84' lang='lat' dir='ltr'>leves</span> <span class='ocrx_word' id='word_1_100' title='bbox 448 901 615 943; x_wconf 81' lang='lat' dir='ltr'>calamos,</span> <span class='ocrx_word' id='word_1_101' title='bbox 638 902 674 933; x_wconf 89' lang='lat' dir='ltr'>et</span> <span class='ocrx_word' id='word_1_102' title='bbox 693 910 782 932; x_wconf 81' lang='lat' dir='ltr'>rasae</span> <span class='ocrx_word' id='word_1_103' title='bbox 801 898 946 931; x_wconf 83' lang='lat' dir='ltr'>hastilia</span> <span class='ocrx_word' id='word_1_104' title='bbox 965 898 1088 941; x_wconf 68' lang='lat' dir='ltr'>virgae,</span> 
     </span>
     <span class='ocr_line' id='line_1_17' title="bbox 220 950 1203 997; baseline -0.006 -9"><span class='ocrx_word' id='word_1_105' title='bbox 220 954 492 997; x_wconf 84' lang='lat' dir='ltr'>Fraxineasque</span> <span class='ocrx_word' id='word_1_106' title='bbox 511 956 636 997; x_wconf 78' lang='lat' dir='ltr'>aptare</span> <span class='ocrx_word' id='word_1_107' title='bbox 655 953 774 995; x_wconf 84' lang='lat' dir='ltr'>sudes,</span> <span class='ocrx_word' id='word_1_108' title='bbox 797 952 990 995; x_wconf 78' lang='lat' dir='ltr'>furcasque</span> <span class='ocrx_word' id='word_1_109' title='bbox 1009 950 1174 983; x_wconf 87' lang='lat' dir='ltr'>bicornes</span> <span class='ocrx_word' id='word_1_110' title='bbox 1193 962 1203 992; x_wconf 89' lang='lat'>;</span> 
     </span>
     <span class='ocr_line' id='line_1_18' title="bbox 219 1006 1124 1050; baseline -0.006 -9"><span class='ocrx_word' id='word_1_111' title='bbox 219 1008 370 1042; x_wconf 82' lang='lat' dir='ltr'>Viribus</span> <span class='ocrx_word' id='word_1_112' title='bbox 389 1007 480 1040; x_wconf 88' lang='lat' dir='ltr'>eniti</span> <span class='ocrx_word' id='word_1_113' title='bbox 499 1018 666 1050; x_wconf 83' lang='lat' dir='ltr'>quarum,</span> <span class='ocrx_word' id='word_1_114' title='bbox 689 1008 726 1039; x_wconf 90' lang='lat' dir='ltr'>et</span> <span class='ocrx_word' id='word_1_115' title='bbox 746 1007 976 1039; x_wconf 83' lang='lat' dir='ltr'>contemnere</span> <span class='ocrx_word' id='word_1_116' title='bbox 994 1006 1124 1038; x_wconf 86' lang='lat' dir='ltr'>ventos</span> 
     </span>
     <span class='ocr_line' id='line_1_19' title="bbox 219 1056 1239 1103; baseline -0.006 -8"><span class='ocrx_word' id='word_1_117' title='bbox 219 1061 453 1103; x_wconf 78' lang='lat' dir='ltr'>Assuescant‚</span> <span class='ocrx_word' id='word_1_118' title='bbox 475 1071 707 1103; x_wconf 82' lang='lat' dir='ltr'>summasque</span> <span class='ocrx_word' id='word_1_119' title='bbox 722 1059 825 1102; x_wconf 82' lang='lat' dir='ltr'>sequi</span> <span class='ocrx_word' id='word_1_120' title='bbox 843 1057 1010 1091; x_wconf 87' lang='lat' dir='ltr'>tabulata</span> <span class='ocrx_word' id='word_1_121' title='bbox 1029 1068 1092 1100; x_wconf 88' lang='lat' dir='ltr'>per</span> <span class='ocrx_word' id='word_1_122' title='bbox 1111 1056 1239 1090; x_wconf 85' lang='lat' dir='ltr'>ulmos.</span> 
     </span>
     <span class='ocr_line' id='line_1_20' title="bbox 272 1110 1234 1157; baseline -0.005 -10"><span class='ocrx_word' id='word_1_123' title='bbox 272 1114 339 1157; x_wconf 86' lang='lat' dir='ltr'>Ac,</span> <span class='ocrx_word' id='word_1_124' title='bbox 361 1113 451 1147; x_wconf 89' lang='lat' dir='ltr'>dum</span> <span class='ocrx_word' id='word_1_125' title='bbox 469 1113 586 1157; x_wconf 83' lang='lat' dir='ltr'>prima</span> <span class='ocrx_word' id='word_1_126' title='bbox 609 1113 713 1146; x_wconf 91' lang='lat' dir='ltr'>novis</span> <span class='ocrx_word' id='word_1_127' title='bbox 732 1111 904 1145; x_wconf 85' lang='lat' dir='ltr'>adolescit</span> <span class='ocrx_word' id='word_1_128' title='bbox 923 1110 1114 1143; x_wconf 85' lang='lat' dir='ltr'>frondibus</span> <span class='ocrx_word' id='word_1_129' title='bbox 1133 1112 1234 1153; x_wconf 68' lang='lat' dir='ltr'>astas,</span> 
     </span>
     <span class='ocr_line' id='line_1_21' title="bbox 219 1163 1178 1207; baseline -0.006 -6"><span class='ocrx_word' id='word_1_130' title='bbox 219 1167 450 1201; x_wconf 82' lang='lat' dir='ltr'>Parcendum</span> <span class='ocrx_word' id='word_1_131' title='bbox 468 1166 604 1200; x_wconf 87' lang='lat' dir='ltr'>teneris</span> <span class='ocrx_word' id='word_1_132' title='bbox 624 1179 631 1207; x_wconf 90' lang='lat'>;</span> <span class='ocrx_word' id='word_1_133' title='bbox 661 1168 697 1199; x_wconf 90' lang='lat' dir='ltr'>et</span> <span class='ocrx_word' id='word_1_134' title='bbox 716 1165 806 1198; x_wconf 89' lang='lat' dir='ltr'>dum</span> <span class='ocrx_word' id='word_1_135' title='bbox 825 1176 862 1197; x_wconf 89' lang='lat' dir='ltr'>se</span> <span class='ocrx_word' id='word_1_136' title='bbox 880 1164 988 1197; x_wconf 69' lang='lat' dir='ltr'>laetus</span> <span class='ocrx_word' id='word_1_137' title='bbox 1006 1163 1051 1196; x_wconf 85' lang='lat' dir='ltr'>ad</span> <span class='ocrx_word' id='word_1_138' title='bbox 1073 1174 1178 1196; x_wconf 82' lang='lat' dir='ltr'>auras</span> 
     </span>
     <span class='ocr_line' id='line_1_22' title="bbox 219 1216 1202 1264; baseline -0.006 -10"><span class='ocrx_word' id='word_1_139' title='bbox 219 1220 365 1254; x_wconf 85' lang='lat' dir='ltr'>Palmes</span> <span class='ocrx_word' id='word_1_140' title='bbox 383 1220 472 1264; x_wconf 85' lang='lat' dir='ltr'>agit,</span> <span class='ocrx_word' id='word_1_141' title='bbox 494 1219 588 1253; x_wconf 79' lang='lat' dir='ltr'>laxis</span> <span class='ocrx_word' id='word_1_142' title='bbox 606 1230 670 1262; x_wconf 90' lang='lat' dir='ltr'>per</span> <span class='ocrx_word' id='word_1_143' title='bbox 688 1229 821 1262; x_wconf 87' lang='lat' dir='ltr'>purum</span> <span class='ocrx_word' id='word_1_144' title='bbox 839 1217 1022 1250; x_wconf 82' lang='lat' dir='ltr'>immissus</span> <span class='ocrx_word' id='word_1_145' title='bbox 1040 1216 1202 1259; x_wconf 82' lang='lat' dir='ltr'>habenis,</span> 
     </span>
     <span class='ocr_line' id='line_1_23' title="bbox 218 1269 1139 1318; baseline -0.005 -11"><span class='ocrx_word' id='word_1_146' title='bbox 218 1274 305 1318; x_wconf 88' lang='lat' dir='ltr'>Ipsa</span> <span class='ocrx_word' id='word_1_147' title='bbox 323 1274 398 1307; x_wconf 89' lang='lat' dir='ltr'>acie</span> <span class='ocrx_word' id='word_1_148' title='bbox 417 1273 582 1306; x_wconf 87' lang='lat' dir='ltr'>nondum</span> <span class='ocrx_word' id='word_1_149' title='bbox 601 1272 702 1305; x_wconf 81' lang='lat' dir='ltr'>falcis</span> <span class='ocrx_word' id='word_1_150' title='bbox 721 1270 900 1304; x_wconf 86' lang='lat' dir='ltr'>tentanda</span> <span class='ocrx_word' id='word_1_151' title='bbox 917 1283 925 1311; x_wconf 91' lang='lat'>;</span> <span class='ocrx_word' id='word_1_152' title='bbox 954 1269 1017 1303; x_wconf 87' lang='lat' dir='ltr'>sed</span> <span class='ocrx_word' id='word_1_153' title='bbox 1035 1269 1139 1302; x_wconf 88' lang='lat' dir='ltr'>uncis</span> 
     </span>
     <span class='ocr_line' id='line_1_24' title="bbox 221 1322 1171 1371; baseline -0.006 -10"><span class='ocrx_word' id='word_1_154' title='bbox 221 1327 420 1371; x_wconf 86' lang='lat' dir='ltr'>Carpendae</span> <span class='ocrx_word' id='word_1_155' title='bbox 440 1325 608 1359; x_wconf 86' lang='lat' dir='ltr'>manibus</span> <span class='ocrx_word' id='word_1_156' title='bbox 628 1325 787 1367; x_wconf 82' lang='lat' dir='ltr'>frondes,</span> <span class='ocrx_word' id='word_1_157' title='bbox 810 1323 979 1367; x_wconf 86' lang='lat' dir='ltr'>interque</span> <span class='ocrx_word' id='word_1_158' title='bbox 998 1322 1171 1366; x_wconf 70' lang='lat' dir='ltr'>legendae.</span> 
     </span>
     <span class='ocr_line' id='line_1_25' title="bbox 220 1376 1169 1424; baseline -0.007 -10"><span class='ocrx_word' id='word_1_159' title='bbox 220 1380 314 1414; x_wconf 88' lang='lat' dir='ltr'>Inde</span> <span class='ocrx_word' id='word_1_160' title='bbox 333 1380 398 1413; x_wconf 89' lang='lat' dir='ltr'>ubi</span> <span class='ocrx_word' id='word_1_161' title='bbox 413 1379 492 1424; x_wconf 84' lang='lat' dir='ltr'>jam</span> <span class='ocrx_word' id='word_1_162' title='bbox 511 1378 642 1413; x_wconf 83' lang='lat' dir='ltr'>validis</span> <span class='ocrx_word' id='word_1_163' title='bbox 661 1378 838 1421; x_wconf 78' lang='lat' dir='ltr'>amplexae</span> <span class='ocrx_word' id='word_1_164' title='bbox 858 1376 1031 1420; x_wconf 85' lang='lat' dir='ltr'>stirpibus</span> <span class='ocrx_word' id='word_1_165' title='bbox 1050 1376 1169 1408; x_wconf 88' lang='lat' dir='ltr'>ulmos</span> 
     </span>
     <span class='ocr_line' id='line_1_26' title="bbox 220 1425 1239 1476; baseline -0.006 -9"><span class='ocrx_word' id='word_1_166' title='bbox 220 1425 400 1476; x_wconf 83' lang='lat' dir='ltr'>Exierint‚</span> <span class='ocrx_word' id='word_1_167' title='bbox 422 1435 504 1466; x_wconf 89' lang='lat' dir='ltr'>tum</span> <span class='ocrx_word' id='word_1_168' title='bbox 523 1433 659 1475; x_wconf 79' lang='lat' dir='ltr'>stringe</span> <span class='ocrx_word' id='word_1_169' title='bbox 680 1442 811 1473; x_wconf 82' lang='lat' dir='ltr'>comas,</span> <span class='ocrx_word' id='word_1_170' title='bbox 833 1433 914 1463; x_wconf 87' lang='lat' dir='ltr'>tum</span> <span class='ocrx_word' id='word_1_171' title='bbox 933 1429 1081 1462; x_wconf 85' lang='lat' dir='ltr'>brachia</span> <span class='ocrx_word' id='word_1_172' title='bbox 1099 1428 1213 1462; x_wconf 90' lang='lat' dir='ltr'>tonde</span> <span class='ocrx_word' id='word_1_173' title='bbox 1230 1441 1239 1470; x_wconf 95' lang='lat'>;</span> 
     </span>
     <span class='ocr_line' id='line_1_27' title="bbox 220 1482 1158 1526; baseline -0.007 -5"><span class='ocrx_word' id='word_1_174' title='bbox 220 1488 320 1521; x_wconf 85' lang='lat' dir='ltr'>Ante</span> <span class='ocrx_word' id='word_1_175' title='bbox 338 1485 578 1520; x_wconf 83' lang='lat' dir='ltr'>reformidant</span> <span class='ocrx_word' id='word_1_176' title='bbox 597 1486 734 1518; x_wconf 86' lang='lat' dir='ltr'>ferrum</span> <span class='ocrx_word' id='word_1_177' title='bbox 755 1497 761 1518; x_wconf 79' lang='lat' dir='ltr'>z</span> <span class='ocrx_word' id='word_1_178' title='bbox 790 1486 872 1517; x_wconf 84' lang='lat' dir='ltr'>tuin</span> <span class='ocrx_word' id='word_1_179' title='bbox 891 1482 1047 1526; x_wconf 83' lang='lat' dir='ltr'>denique</span> <span class='ocrx_word' id='word_1_180' title='bbox 1067 1482 1158 1516; x_wconf 88' lang='lat' dir='ltr'>dura</span> 
     </span>
     <span class='ocr_line' id='line_1_28' title="bbox 221 1536 1121 1583; baseline -0.007 -9"><span class='ocrx_word' id='word_1_181' title='bbox 221 1540 360 1574; x_wconf 85' lang='lat' dir='ltr'>Exerce</span> <span class='ocrx_word' id='word_1_182' title='bbox 378 1539 540 1583; x_wconf 85' lang='lat' dir='ltr'>imperia,</span> <span class='ocrx_word' id='word_1_183' title='bbox 563 1542 599 1572; x_wconf 84' lang='lat' dir='ltr'>et</span> <span class='ocrx_word' id='word_1_184' title='bbox 619 1549 737 1571; x_wconf 81' lang='lat' dir='ltr'>ramos</span> <span class='ocrx_word' id='word_1_185' title='bbox 757 1547 939 1580; x_wconf 86' lang='lat' dir='ltr'>compesce</span> <span class='ocrx_word' id='word_1_186' title='bbox 958 1536 1121 1569; x_wconf 88' lang='lat' dir='ltr'>fluentes.</span> 
     </span>
     <span class='ocr_line' id='line_1_29' title="bbox 274 1588 1331 1636; baseline -0.006 -9"><span class='ocrx_word' id='word_1_187' title='bbox 274 1593 457 1627; x_wconf 69' lang='lat' dir='ltr'>Texendae</span> <span class='ocrx_word' id='word_1_188' title='bbox 471 1604 571 1636; x_wconf 85' lang='lat' dir='ltr'>sepes</span> <span class='ocrx_word' id='word_1_189' title='bbox 590 1592 712 1634; x_wconf 81' lang='lat' dir='ltr'>etiam,</span> <span class='ocrx_word' id='word_1_190' title='bbox 735 1593 771 1624; x_wconf 90' lang='lat' dir='ltr'>et</span> <span class='ocrx_word' id='word_1_191' title='bbox 789 1601 898 1634; x_wconf 86' lang='lat' dir='ltr'>pecus</span> <span class='ocrx_word' id='word_1_192' title='bbox 917 1601 1024 1622; x_wconf 84' lang='lat' dir='ltr'>omne</span> <span class='ocrx_word' id='word_1_193' title='bbox 1042 1588 1245 1622; x_wconf 88' lang='lat' dir='ltr'>tenendum</span> <span class='ocrx_word' id='word_1_194' title='bbox 1263 1591 1331 1632; x_wconf 78' lang='lat' dir='ltr'>est,</span> 
     </span>
     <span class='ocr_line' id='line_1_30' title="bbox 222 1642 1302 1690; baseline -0.004 -10"><span class='ocrx_word' id='word_1_195' title='bbox 222 1647 411 1690; x_wconf 72' lang='lat' dir='ltr'>Praecipue</span> <span class='ocrx_word' id='word_1_196' title='bbox 430 1646 519 1679; x_wconf 87' lang='lat' dir='ltr'>dum</span> <span class='ocrx_word' id='word_1_197' title='bbox 539 1646 639 1679; x_wconf 86' lang='lat' dir='ltr'>frons</span> <span class='ocrx_word' id='word_1_198' title='bbox 658 1647 784 1677; x_wconf 83' lang='lat' dir='ltr'>tenera</span> <span class='ocrx_word' id='word_1_199' title='bbox 803 1643 1089 1686; x_wconf 78' lang='lat' dir='ltr'>imprudensque</span> <span class='ocrx_word' id='word_1_200' title='bbox 1107 1642 1274 1675; x_wconf 75' lang='lat' dir='ltr'>laborum</span> <span class='ocrx_word' id='word_1_201' title='bbox 1294 1654 1302 1676; x_wconf 92' lang='lat'>·.</span> 
     </span>
     <span class='ocr_line' id='line_1_31' title="bbox 223 1697 1195 1743; baseline -0.007 -9"><span class='ocrx_word' id='word_1_202' title='bbox 223 1700 302 1743; x_wconf 74' lang='lat' dir='ltr'>Cui,</span> <span class='ocrx_word' id='word_1_203' title='bbox 325 1711 432 1743; x_wconf 87' lang='lat' dir='ltr'>super</span> <span class='ocrx_word' id='word_1_204' title='bbox 450 1699 617 1742; x_wconf 79' lang='lat' dir='ltr'>indignas</span> <span class='ocrx_word' id='word_1_205' title='bbox 636 1698 772 1731; x_wconf 86' lang='lat' dir='ltr'>hiemes</span> <span class='ocrx_word' id='word_1_206' title='bbox 791 1697 976 1740; x_wconf 81' lang='lat' dir='ltr'>solemque</span> <span class='ocrx_word' id='word_1_207' title='bbox 994 1698 1195 1739; x_wconf 84' lang='lat' dir='ltr'>potentem,</span> 
     </span>
     <span class='ocr_line' id='line_1_32' title="bbox 223 1751 1082 1797; baseline -0.007 -10"><span class='ocrx_word' id='word_1_208' title='bbox 223 1753 425 1797; x_wconf 80' lang='lat' dir='ltr'>Sylvestres</span> <span class='ocrx_word' id='word_1_209' title='bbox 444 1752 502 1786; x_wconf 89' lang='lat' dir='ltr'>uri</span> <span class='ocrx_word' id='word_1_210' title='bbox 520 1751 663 1785; x_wconf 81' lang='lat' dir='ltr'>assidue</span> <span class='ocrx_word' id='word_1_211' title='bbox 682 1761 891 1794; x_wconf 79' lang='lat' dir='ltr'>capreaeque</span> <span class='ocrx_word' id='word_1_212' title='bbox 911 1760 1082 1792; x_wconf 85' lang='lat' dir='ltr'>sequaces</span> 
     </span>
     <span class='ocr_line' id='line_1_33' title="bbox 223 1802 1170 1849; baseline -0.004 -9"><span class='ocrx_word' id='word_1_213' title='bbox 223 1806 394 1840; x_wconf 86' lang='lat' dir='ltr'>Illudunt</span> <span class='ocrx_word' id='word_1_214' title='bbox 414 1819 422 1847; x_wconf 86' lang='lat'>;</span> <span class='ocrx_word' id='word_1_215' title='bbox 450 1807 650 1849; x_wconf 84' lang='lat' dir='ltr'>pascuntur</span> <span class='ocrx_word' id='word_1_216' title='bbox 669 1816 765 1847; x_wconf 76' lang='lat' dir='ltr'>oveS‚</span> <span class='ocrx_word' id='word_1_217' title='bbox 788 1803 977 1847; x_wconf 81' lang='lat' dir='ltr'>avidaeque</span> <span class='ocrx_word' id='word_1_218' title='bbox 992 1802 1170 1846; x_wconf 83' lang='lat' dir='ltr'>juvencae.</span> 
     </span>
     <span class='ocr_line' id='line_1_34' title="bbox 223 1855 1077 1904; baseline -0.007 -10"><span class='ocrx_word' id='word_1_219' title='bbox 223 1860 373 1904; x_wconf 79' lang='lat' dir='ltr'>Frigora</span> <span class='ocrx_word' id='word_1_220' title='bbox 391 1871 457 1892; x_wconf 87' lang='lat' dir='ltr'>nec</span> <span class='ocrx_word' id='word_1_221' title='bbox 472 1862 619 1892; x_wconf 79' lang='lat' dir='ltr'>tantuin</span> <span class='ocrx_word' id='word_1_222' title='bbox 639 1860 729 1891; x_wconf 73' lang='lat' dir='ltr'>cana</span> <span class='ocrx_word' id='word_1_223' title='bbox 748 1858 915 1890; x_wconf 80' lang='lat' dir='ltr'>concreta</span> <span class='ocrx_word' id='word_1_224' title='bbox 934 1855 1077 1899; x_wconf 71' lang='lat' dir='ltr'>pruina,</span> 
     </span>
     <span class='ocr_line' id='line_1_35' title="bbox 224 1909 1187 1957; baseline -0.007 -10"><span class='ocrx_word' id='word_1_225' title='bbox 224 1914 301 1947; x_wconf 90' lang='lat' dir='ltr'>Aut</span> <span class='ocrx_word' id='word_1_226' title='bbox 320 1913 439 1957; x_wconf 85' lang='lat' dir='ltr'>gravis</span> <span class='ocrx_word' id='word_1_227' title='bbox 453 1912 666 1946; x_wconf 87' lang='lat' dir='ltr'>incumbens</span> <span class='ocrx_word' id='word_1_228' title='bbox 686 1910 841 1953; x_wconf 85' lang='lat' dir='ltr'>scopulis</span> <span class='ocrx_word' id='word_1_229' title='bbox 860 1909 1047 1942; x_wconf 85' lang='lat' dir='ltr'>arentibus</span> <span class='ocrx_word' id='word_1_230' title='bbox 1067 1910 1187 1951; x_wconf 60' lang='lat' dir='ltr'>restas,</span> 
     </span>
     <span class='ocr_line' id='line_1_36' title="bbox 224 1962 1173 2008; baseline -0.007 -8"><span class='ocrx_word' id='word_1_231' title='bbox 224 1966 412 2008; x_wconf 82' lang='lat' dir='ltr'>Quantum</span> <span class='ocrx_word' id='word_1_232' title='bbox 430 1966 484 1999; x_wconf 85' lang='lat' dir='ltr'>illi</span> <span class='ocrx_word' id='word_1_233' title='bbox 503 1965 656 1998; x_wconf 70' lang='lat' dir='ltr'>nocuere</span> <span class='ocrx_word' id='word_1_234' title='bbox 674 1975 798 2007; x_wconf 77' lang='lat' dir='ltr'>greges</span> <span class='ocrx_word' id='word_1_235' title='bbox 817 1962 972 2006; x_wconf 83' lang='lat' dir='ltr'>durique</span> <span class='ocrx_word' id='word_1_236' title='bbox 992 1972 1173 1995; x_wconf 84' lang='lat' dir='ltr'>venenum</span> 
     </span>
     <span class='ocr_line' id='line_1_37' title="bbox 224 2014 1139 2062; baseline -0.007 -9"><span class='ocrx_word' id='word_1_237' title='bbox 224 2020 367 2062; x_wconf 80' lang='lat' dir='ltr'>Dentis,</span> <span class='ocrx_word' id='word_1_238' title='bbox 390 2021 427 2052; x_wconf 90' lang='lat' dir='ltr'>et</span> <span class='ocrx_word' id='word_1_239' title='bbox 446 2019 613 2052; x_wconf 86' lang='lat' dir='ltr'>admorso</span> <span class='ocrx_word' id='word_1_240' title='bbox 633 2018 775 2061; x_wconf 75' lang='lat' dir='ltr'>signata</span> <span class='ocrx_word' id='word_1_241' title='bbox 793 2016 831 2049; x_wconf 89' lang='lat' dir='ltr'>in</span> <span class='ocrx_word' id='word_1_242' title='bbox 851 2016 962 2059; x_wconf 80' lang='lat' dir='ltr'>stirpe</span> <span class='ocrx_word' id='word_1_243' title='bbox 982 2014 1139 2048; x_wconf 79' lang='lat' dir='ltr'>cicatrix.</span> 
     </span>
     <span class='ocr_line' id='line_1_38' title="bbox 225 2067 1229 2115; baseline -0.006 -9"><span class='ocrx_word' id='word_1_244' title='bbox 225 2073 310 2106; x_wconf 90' lang='lat' dir='ltr'>Non</span> <span class='ocrx_word' id='word_1_245' title='bbox 332 2073 440 2106; x_wconf 86' lang='lat' dir='ltr'>aliam</span> <span class='ocrx_word' id='word_1_246' title='bbox 460 2072 505 2105; x_wconf 89' lang='lat' dir='ltr'>ob</span> <span class='ocrx_word' id='word_1_247' title='bbox 524 2071 667 2115; x_wconf 83' lang='lat' dir='ltr'>culpam</span> <span class='ocrx_word' id='word_1_248' title='bbox 687 2070 829 2103; x_wconf 78' lang='lat' dir='ltr'>Baccho</span> <span class='ocrx_word' id='word_1_249' title='bbox 848 2081 953 2112; x_wconf 80' lang='lat' dir='ltr'>caper</span> <span class='ocrx_word' id='word_1_250' title='bbox 972 2068 1140 2102; x_wconf 75' lang='lat' dir='ltr'>Omnibus</span> <span class='ocrx_word' id='word_1_251' title='bbox 1159 2067 1229 2101; x_wconf 76' lang='lat' dir='ltr'>aris</span> 
     </span>
     <span class='ocr_line' id='line_1_39' title="bbox 226 2121 1081 2168; baseline -0.006 -9"><span class='ocrx_word' id='word_1_252' title='bbox 226 2125 400 2168; x_wconf 75' lang='lat' dir='ltr'>Caeditur,</span> <span class='ocrx_word' id='word_1_253' title='bbox 424 2127 461 2158; x_wconf 90' lang='lat' dir='ltr'>et</span> <span class='ocrx_word' id='word_1_254' title='bbox 480 2127 619 2158; x_wconf 84' lang='lat' dir='ltr'>veteres</span> <span class='ocrx_word' id='word_1_255' title='bbox 638 2124 768 2157; x_wconf 83' lang='lat' dir='ltr'>ineunt</span> <span class='ocrx_word' id='word_1_256' title='bbox 787 2122 972 2167; x_wconf 83' lang='lat' dir='ltr'>proscenia</span> <span class='ocrx_word' id='word_1_257' title='bbox 990 2121 1081 2164; x_wconf 85' lang='lat' dir='ltr'>ludi,</span> 
     </span>
     <span class='ocr_line' id='line_1_40' title="bbox 224 2175 1142 2222; baseline -0.005 -10"><span class='ocrx_word' id='word_1_258' title='bbox 224 2179 453 2222; x_wconf 59' lang='lat' dir='ltr'>Praemiaque</span> <span class='ocrx_word' id='word_1_259' title='bbox 471 2178 626 2221; x_wconf 80' lang='lat' dir='ltr'>ingeniis</span> <span class='ocrx_word' id='word_1_260' title='bbox 645 2188 755 2221; x_wconf 81' lang='lat' dir='ltr'>pagos</span> <span class='ocrx_word' id='word_1_261' title='bbox 775 2178 811 2209; x_wconf 87' lang='lat' dir='ltr'>ct</span> <span class='ocrx_word' id='word_1_262' title='bbox 832 2175 988 2219; x_wconf 84' lang='lat' dir='ltr'>compita</span> <span class='ocrx_word' id='word_1_263' title='bbox 1007 2175 1142 2208; x_wconf 79' lang='lat' dir='ltr'>circum</span> 
     </span>
     <span class='ocr_line' id='line_1_41' title="bbox 224 2228 1081 2275; baseline -0.005 -10"><span class='ocrx_word' id='word_1_264' title='bbox 224 2232 391 2266; x_wconf 69' lang='lat' dir='ltr'>Thesidae</span> <span class='ocrx_word' id='word_1_265' title='bbox 410 2232 559 2275; x_wconf 71' lang='lat' dir='ltr'>posuere</span> <span class='ocrx_word' id='word_1_266' title='bbox 578 2244 585 2272; x_wconf 92' lang='lat'>;</span> <span class='ocrx_word' id='word_1_267' title='bbox 614 2233 724 2274; x_wconf 81' lang='lat' dir='ltr'>atque</span> <span class='ocrx_word' id='word_1_268' title='bbox 743 2230 840 2263; x_wconf 89' lang='lat' dir='ltr'>inter</span> <span class='ocrx_word' id='word_1_269' title='bbox 858 2229 987 2272; x_wconf 81' lang='lat' dir='ltr'>pocula</span> <span class='ocrx_word' id='word_1_270' title='bbox 1005 2228 1081 2261; x_wconf 85' lang='lat' dir='ltr'>laeti</span> 
     </span>
     <span class='ocr_line' id='line_1_42' title="bbox 225 2283 1088 2328; baseline -0.003 -10"><span class='ocrx_word' id='word_1_271' title='bbox 225 2285 403 2319; x_wconf 85' lang='lat' dir='ltr'>Mollibus</span> <span class='ocrx_word' id='word_1_272' title='bbox 421 2285 459 2317; x_wconf 90' lang='lat' dir='ltr'>in</span> <span class='ocrx_word' id='word_1_273' title='bbox 479 2284 592 2328; x_wconf 85' lang='lat' dir='ltr'>pratis</span> <span class='ocrx_word' id='word_1_274' title='bbox 610 2286 741 2317; x_wconf 83' lang='lat' dir='ltr'>unctos</span> <span class='ocrx_word' id='word_1_275' title='bbox 760 2283 884 2317; x_wconf 65' lang='lat' dir='ltr'>saliere</span> <span class='ocrx_word' id='word_1_276' title='bbox 903 2293 966 2325; x_wconf 77' lang='lat' dir='ltr'>per</span> <span class='ocrx_word' id='word_1_277' title='bbox 979 2283 1088 2315; x_wconf 84' lang='lat' dir='ltr'>utres.</span> 
     </span>
     <span class='ocr_line' id='line_1_43' title="bbox 227 2334 1082 2381; baseline -0.006 -9"><span class='ocrx_word' id='word_1_278' title='bbox 227 2339 381 2372; x_wconf 89' lang='lat' dir='ltr'>Necnon</span> <span class='ocrx_word' id='word_1_279' title='bbox 400 2337 566 2381; x_wconf 88' lang='lat' dir='ltr'>Ausonii,</span> <span class='ocrx_word' id='word_1_280' title='bbox 589 2337 697 2380; x_wconf 68' lang='lat' dir='ltr'>Troja</span> <span class='ocrx_word' id='word_1_281' title='bbox 715 2347 802 2380; x_wconf 77' lang='lat' dir='ltr'>gens</span> <span class='ocrx_word' id='word_1_282' title='bbox 821 2335 941 2377; x_wconf 70' lang='lat' dir='ltr'>missa,</span> <span class='ocrx_word' id='word_1_283' title='bbox 964 2334 1082 2369; x_wconf 87' lang='lat' dir='ltr'>coloni</span> 
     </span>
     <span class='ocr_line' id='line_1_44' title="bbox 228 2388 1103 2435; baseline -0.006 -10"><span class='ocrx_word' id='word_1_284' title='bbox 228 2391 403 2426; x_wconf 89' lang='lat' dir='ltr'>Versibus</span> <span class='ocrx_word' id='word_1_285' title='bbox 421 2390 615 2435; x_wconf 85' lang='lat' dir='ltr'>incomptis</span> <span class='ocrx_word' id='word_1_286' title='bbox 634 2390 768 2424; x_wconf 86' lang='lat' dir='ltr'>ludunt</span> <span class='ocrx_word' id='word_1_287' title='bbox 787 2388 934 2432; x_wconf 82' lang='lat' dir='ltr'>risuque</span> <span class='ocrx_word' id='word_1_288' title='bbox 954 2388 1074 2421; x_wconf 85' lang='lat' dir='ltr'>soluto</span> <span class='ocrx_word' id='word_1_289' title='bbox 1093 2399 1103 2429; x_wconf 88' lang='lat'>;</span> 
     </span>
    </p>
   </div>
   <div class='ocr_carea' id='block_1_6' title="bbox 1391 203 1433 223">
    <p class='ocr_par' dir='ltr' id='par_1_6' title="bbox 1391 203 1433 223">
     <span class='ocr_line' id='line_1_45' title="bbox 1391 203 1433 223; baseline 0 0"><span class='ocrx_word' id='word_1_290' title='bbox 1391 203 1433 223; x_wconf 73' lang='lat'>34⁵</span> 
     </span>
    </p>
   </div>
   <div class='ocr_carea' id='block_1_7' title="bbox 1393 469 1435 489">
    <p class='ocr_par' dir='ltr' id='par_1_7' title="bbox 1393 469 1435 489">
     <span class='ocr_line' id='line_1_46' title="bbox 1393 469 1435 489; baseline 0 0"><span class='ocrx_word' id='word_1_291' title='bbox 1393 469 1435 489; x_wconf 81' lang='lat'>³50</span> 
     </span>
    </p>
   </div>
   <div class='ocr_carea' id='block_1_8' title="bbox 1394 733 1436 754">
    <p class='ocr_par' dir='ltr' id='par_1_8' title="bbox 1394 733 1436 754">
     <span class='ocr_line' id='line_1_47' title="bbox 1394 733 1436 754; baseline -0.024 0"><span class='ocrx_word' id='word_1_292' title='bbox 1394 733 1436 754; x_wconf 76' lang='lat'>855</span> 
     </span>
    </p>
   </div>
   <div class='ocr_carea' id='block_1_9' title="bbox 1395 999 1437 1020">
    <p class='ocr_par' dir='ltr' id='par_1_9' title="bbox 1395 999 1437 1020">
     <span class='ocr_line' id='line_1_48' title="bbox 1395 999 1437 1020; baseline -0.024 0"><span class='ocrx_word' id='word_1_293' title='bbox 1395 999 1437 1020; x_wconf 78' lang='lat'>360</span> 
     </span>
    </p>
   </div>
   <div class='ocr_carea' id='block_1_10' title="bbox 1399 1265 1440 1285">
    <p class='ocr_par' dir='ltr' id='par_1_10' title="bbox 1399 1265 1440 1285">
     <span class='ocr_line' id='line_1_49' title="bbox 1399 1265 1440 1285; baseline 0 0"><span class='ocrx_word' id='word_1_294' title='bbox 1399 1265 1440 1285; x_wconf 82' lang='lat'>365</span> 
     </span>
    </p>
   </div>
   <div class='ocr_carea' id='block_1_11' title="bbox 1398 1533 1440 1556">
    <p class='ocr_par' dir='ltr' id='par_1_11' title="bbox 1398 1533 1440 1556">
     <span class='ocr_line' id='line_1_50' title="bbox 1398 1533 1440 1556; baseline -0.024 -3"><span class='ocrx_word' id='word_1_295' title='bbox 1398 1533 1440 1556; x_wconf 81' lang='lat'>370</span> 
     </span>
    </p>
   </div>
   <div class='ocr_carea' id='block_1_12' title="bbox 1399 1799 1440 1822">
    <p class='ocr_par' dir='ltr' id='par_1_12' title="bbox 1399 1799 1440 1822">
     <span class='ocr_line' id='line_1_51' title="bbox 1399 1799 1440 1822; baseline 0 -1"><span class='ocrx_word' id='word_1_296' title='bbox 1399 1799 1440 1822; x_wconf 72' lang='grc'>875</span> 
     </span>
    </p>
   </div>
  </div>
 </body>
</html>
