1528 2569
667 122 800 149 LIBER
828 122 856 150 1.

206 211 259 246 At
277 210 307 244 si
324 222 399 245 non
416 210 528 245 fuerit
545 209 654 244 tellus
671 210 854 254 foecunda,
876 210 944 244 sub
961 210 1082 254 ipsum

206 265 405 298 Arcturum
422 264 527 297 tenui
546 266 602 297 sat
621 263 689 297 erit
709 264 926 307 suspendere
945 264 1064 299 sulco:

205 316 299 360 Illic,
317 317 473 350 officiant
492 317 586 350 laetis
605 328 651 350 ne
669 316 833 360 frugibus
851 316 992 358 herbae;

206 369 290 413 Hic,
314 370 473 403 sterilem
492 369 645 413 exiguus
663 381 708 402 ne
728 369 870 403 deserat
888 369 1019 402 humor
1038 381 1194 404 arenam.

205 423 370 456 Alternis
388 423 486 456 idem
504 425 628 456 tonsas
648 434 784 456 cessare
802 422 962 465 novales,

205 475 255 509 Et
273 487 419 519 segnem
436 475 573 519 patiere
592 476 666 509 situ
685 475 871 509 durescere
891 486 1066 519 campum.

206 529 284 562 Aut
302 529 353 562 ibi
371 529 464 562 flava
483 540 589 571 sereS,
611 531 755 562 mutato
774 528 902 571 sidere,
923 528 1031 571 farra,

207 581 315 615 Unde
334 582 434 625 prius
453 582 580 614 laetum
599 581 732 625 siliqua
753 584 948 625 quassante
968 581 1149 625 legumen,

206 635 285 668 Aut
303 637 432 668 tenues
451 634 563 668 foetus
581 634 697 676 viciae,
719 634 907 677 tristisque
926 633 1044 677 lupini

206 687 403 721 Sustuleris
421 687 565 730 fragiles
585 687 740 720 calamos
762 686 975 730 sylvamque
995 689 1195 721 sonantem.

206 739 291 773 Urit
310 740 406 773 enim
424 738 491 772 lini
509 750 674 783 campum
696 750 808 783 seges,
829 739 904 772 urit
922 751 1048 772 avenae
1064 752 1072 780 3

207 791 331 827 Urunt
351 792 499 825 Lethaeo
517 792 664 835 perfusa
681 803 859 835 papavera
878 803 1013 825 somno.

260 845 331 879 Sed
349 848 472 878 tamen
491 845 639 878 alternis
656 845 772 878 facilis
790 845 910 879 labor:
939 845 1040 878 arida
1057 847 1205 878 tantum

206 897 266 931 Ne
285 901 446 932 saturare
464 898 550 931 fimo
568 897 694 941 pingui
712 898 849 942 pudeat
868 898 943 931 sola
959 911 968 939 ;
996 909 1087 931 neve

205 950 358 985 Effoetos
377 951 533 985 cinerem
551 950 782 984 immundum
796 951 934 995 jactare
953 962 1017 994 per
1036 962 1147 994 agros.

208 1003 266 1038 Sic
286 1015 430 1048 quoque
448 1004 600 1037 mutatis
617 1004 852 1047 requiescunt
870 1004 1023 1037 foetibus
1041 1015 1128 1037 arva
1146 1016 1155 1046 3

207 1056 288 1090 Nec
305 1057 407 1091 nulla
425 1057 564 1090 interea
583 1059 638 1090 est
656 1057 807 1091 inaratae
826 1057 943 1101 gratia
960 1059 1076 1091 terrae.

207 1109 311 1154 Saepe
329 1110 440 1144 etiam
458 1110 597 1143 steriles
616 1109 807 1143 incendere
825 1110 963 1153 profuit
983 1121 1098 1153 agros,

207 1163 331 1207 Atque
348 1163 466 1196 levem
485 1163 657 1206 stipulam
677 1163 939 1206 crepitantibus
958 1174 1061 1196 urere
1080 1163 1235 1196 flammis
1253 1175 1260 1197 :

208 1216 292 1250 Sive
310 1216 395 1249 inde
410 1216 568 1249 occultas
581 1216 673 1249 vires
693 1219 731 1249 et
750 1216 883 1259 pabula
901 1218 1008 1249 terrae

208 1269 364 1313 Pinguia
383 1269 590 1312 concipiunt
608 1282 616 1310 3
645 1268 720 1302 sive
739 1269 812 1302 illis
831 1280 937 1302 omne
956 1280 1020 1312 per
1038 1268 1160 1313 ignem

208 1321 435 1366 Excoquitur
453 1321 597 1365 vitium,
619 1324 730 1365 atque
749 1322 902 1355 exsudat
921 1322 1062 1355 inutilis
1081 1322 1212 1355 humor
1229 1335 1239 1363 ς

208 1375 280 1409 Seu
299 1375 419 1418 plures
438 1374 535 1408 calor
552 1375 614 1408 ille
633 1375 710 1408 vias
726 1378 763 1408 et
783 1386 876 1408 caeca
894 1375 1034 1408 relaxat

208 1427 447 1471 Spiramenta,
468 1439 581 1461 novas
599 1427 723 1461 veniat
743 1439 816 1471 qua
835 1439 961 1461 succus
980 1427 1019 1461 in
1037 1427 1167 1461 herbas
1184 1441 1193 1469 ς

208 1480 280 1514 Seu
298 1481 407 1514 durat
426 1481 552 1524 magis,
577 1483 613 1513 et
632 1492 742 1514 venas
762 1481 956 1524 adstringit
976 1481 1132 1524 hiantes,

207 1533 267 1567 Ne
286 1536 414 1567 tenues
432 1533 578 1577 pluviae,
600 1533 763 1577 rapidive
782 1534 946 1577 potentia
965 1534 1049 1567 solis

207 1583 346 1629 Acrior,
368 1589 433 1620 aut
451 1587 577 1620 Boreae
595 1587 817 1630 penetrabile
836 1587 950 1630 frigus
969 1587 1109 1620 adurat.

207 1639 373 1673 Multum
392 1639 493 1682 adeo,
514 1640 639 1673 rastris
657 1640 778 1683 glebas
798 1640 861 1683 qui
879 1640 1015 1684 frangit
1033 1641 1179 1683 inertes,

208 1692 468 1736 Vimineasque
487 1692 602 1726 trahit
621 1695 748 1736 crates,
767 1693 876 1737 juvat
895 1704 981 1726 arva
992 1706 1000 1734 3
1028 1705 1146 1736 neque
1165 1693 1268 1727 illum

206 1745 320 1779 Flava
338 1745 444 1779 Ceres
463 1746 538 1779 alto
557 1746 800 1790 nequicquam
819 1749 959 1790 spectat
981 1746 1137 1789 Olympo
1158 1759 1165 1781 :

208 1798 258 1832 Et
278 1798 353 1842 qui,
375 1798 550 1842 proscisso
570 1810 651 1843 quae
671 1799 822 1832 suscitat
841 1811 985 1843 aequore
1004 1801 1118 1843 terga,

210 1850 353 1885 Rursus
371 1852 410 1884 in
429 1851 619 1895 obliquum
640 1863 741 1885 verso
760 1852 962 1896 perrumpit
981 1855 1114 1895 aratro,

209 1904 437 1948 Exercetque
457 1905 628 1948 frequens
647 1905 827 1948 tellurem,
850 1908 961 1949 atque
979 1905 1133 1949 im11›erat
1153 1905 1257 1939 arvis.

260 1957 426 1991 Humida
444 1956 602 1991 solstitia
619 1960 730 2001 atque
749 1958 885 1991 hiemes
904 1961 1004 1992 orate
1024 1970 1179 2001 serenas,

208 2009 405 2054 Agricolae:
433 2010 585 2043 hiberno
604 2011 789 2044 laetissima
807 2011 956 2054 pulvere
976 2012 1082 2055 farra,

208 2062 334 2096 Laetus
353 2074 437 2106 ager
448 2076 456 2104 ;
484 2063 587 2096 nullo
605 2066 754 2096 tantum
773 2075 810 2097 se
830 2064 952 2106 Mysia
971 2065 1072 2098 cultu

208 2115 235 2149 J
237 2118 347 2158 aetat,
369 2118 406 2149 et
425 2115 503 2159 ipsa
522 2127 605 2149 suas
623 2116 805 2149 mirantur
825 2117 985 2159 Gargara
1003 2129 1144 2151 messes.

210 2168 307 2210 Quid
327 2169 458 2212 dicam,
477 2169 578 2212 jacto
598 2169 663 2212 qui
682 2170 817 2202 semine
838 2170 1001 2203 cominus
1016 2181 1103 2204 arva

209 2221 434 2265 Insequitur,
458 2222 694 2265 cumulosque
713 2222 788 2255 ruit
807 2223 901 2256 male
919 2223 1065 2266 pinguis
1085 2235 1203 2256 arenae
1220 2223 1231 2258 3

209 2274 352 2308 Deinde
372 2276 460 2308 satis
479 2275 633 2308 fluvium
651 2275 805 2317 inducit,
827 2275 997 2319 rivosque
1017 2280 1209 2320 sequentes
1227 2276 1240 2310 ’ζ

210 2326 259 2360 Et
279 2339 392 2371 quum
411 2331 564 2361 exustus
583 2340 667 2372 ager
685 2328 924 2362 morientibus
943 2331 1075 2364 aestuat
1092 2329 1226 2372 herbis,

211 2379 302 2413 Ecce
321 2381 510 2424 supercilio
530 2381 655 2415 clivosi
673 2381 831 2415 tramitis
849 2382 987 2416 undam

1362 116 1415 152 25

1390 631 1418 656 76

1398 1685 1424 1705 95

1386 1954 1423 1973 ιυυ

1379 2208 1419 2228 1υῆ
