1528 2569
651 80 786 111 LIBER
814 82 860 111 11.
1357 79 1411 113 1⁶37

209 165 348 202 Sternit
367 178 481 213 agros,
504 169 634 202 sternit
654 173 732 203 sata
750 170 835 204 laeta
852 170 1035 214 boumque
1055 169 1206 216 labores,

208 221 488 266 Praecipitesque
507 222 622 256 trahit
641 223 761 266 sylvas
781 235 788 258 τ
817 225 939 267 stupet
958 223 1092 257 inscius
1111 224 1188 258 alto

207 274 396 318 Accipiens
415 275 575 308 sonitum
594 275 672 308 saxi
691 275 736 308 de
756 277 889 309 vertice
907 279 1037 319 pastor.

208 326 301 360 Tum
320 338 403 361 vero
421 327 613 361 manifesta
631 327 720 361 fides
739 327 979 372 Danaumque
998 331 1190 372 patescunt

209 378 358 412 Insidjae
375 391 382 414 :
406 379 485 423 jam
503 379 684 423 Deiphobi
703 380 805 413 dedit
824 381 943 424 ampla
956 381 1112 424 ruinam,
1371 380 1412 401 ³¹⁰

208 430 375 465 Vulcano
394 435 599 476 superante,
622 432 751 466 domus
772 445 778 467 :
803 433 880 477 jam
899 434 1086 477 proximus
1104 433 1209 467 ardet

206 483 389 528 Ucalegon
412 497 420 520 z
448 484 553 528 Sigea
571 485 647 529 igni
664 486 757 519 freta
776 486 850 518 lata
869 486 1031 519 relucent
1049 498 1057 520 :

207 537 382 571 Exoritur
399 537 607 581 clamorque
625 538 744 571 virum
763 538 978 582 clangorque
996 539 1179 574 tubarum.

206 590 320 624 Arma
339 601 463 624 amens
482 591 594 634 capio,
616 602 683 624 neo
701 593 758 624 sat
776 590 926 624 rationis
943 591 982 623 in
1002 592 1110 625 armis
1129 605 1138 632 ;

207 642 278 676 Sed
296 643 492 686 glomerare
510 654 659 676 manum
678 643 785 685 bello,
808 646 844 676 et
864 654 1073 676 concurrere
1092 643 1130 676 in
1150 655 1266 677 arcem

212 695 304 728 Cum
322 695 426 728 sociis
445 695 573 729 ardent
593 695 705 729 animi
724 708 731 729 :
759 695 861 728 furor
878 695 1004 738 iraque
1022 699 1183 729 montem

204 747 453 791 Praecipitant,
475 748 738 791 pulchrumque
757 748 849 781 mori
867 747 1043 781 succurrit
1062 748 1101 781 in
1119 760 1152 781 ai
1160 748 1238 782 mis.

203 800 295 834 Eece
314 803 437 834 autem
454 801 536 833 telis
556 801 722 834 Panthus
741 801 884 844 elapsus
904 800 1096 844 Achivum,

204 853 372 887 Panthus
392 853 607 897 Othryades,
629 853 720 887 arcis
739 853 942 897 Phoebique
962 854 1140 897 sacerdos,

206 905 313 940 Sacra
330 918 442 940 manu
460 907 646 950 victosque
666 906 761 939 Deos
780 917 1004 950 parvumque
1022 909 1193 950 nepotem

203 959 287 1002 Ipse
306 959 431 1002 trahit,
454 971 633 1003 cursuque
652 970 776 992 amens
795 959 843 992 ad
862 959 987 993 limina
1005 959 1136 993 tendit.

207 1011 321 1052 “Quo
335 1023 391 1045 res
406 1023 546 1045 summa
562 1012 651 1055 loco,
669 1011 838 1045 Panthu?
856 1023 967 1055 quam
981 1012 1192 1056 prendimus
1207 1023 1324 1046 arcem
1335 1012 1374 1046 ·l”

202 1063 278 1097 Vix
298 1076 339 1098 ea
356 1065 455 1098 fatus
473 1076 582 1108 eram,
603 1064 741 1109 gemitu
759 1076 873 1108 quum
891 1065 980 1098 talia
997 1065 1118 1098 reldit
1136 1078 1143 1099 :

206 1119 232 1136 “
244 1116 358 1151 Venit
376 1129 517 1151 summa
535 1117 611 1151 dies
630 1120 667 1151 et
685 1117 917 1151 ineluctabile
935 1120 1080 1161 tempus

203 1170 397 1204 Dardaniae
417 1183 424 1204 ε
452 1171 588 1203 fuimus
607 1170 726 1212 Troes,
748 1171 819 1203 fuit
838 1170 948 1203 Ilium
967 1172 1004 1203 et
1022 1170 1149 1214 ingens

203 1223 327 1257 Gloria
346 1223 565 1257 Teucrorum
583 1235 590 1257 :
618 1223 716 1256 ferus
735 1223 856 1256 onmia
875 1222 1024 1266 Jupiter
1042 1224 1158 1266 Argos

203 1276 405 1310 Transtulit
422 1288 429 1310 ε
457 1276 604 1309 incensa
623 1275 741 1309 Danai
759 1275 994 1309 dominantur
1010 1275 1050 1309 in
1068 1276 1169 1310 urbe.

203 1328 353 1362 Arduus
372 1332 529 1362 arma-tos
547 1328 674 1362 mediis
693 1328 731 1362 in
750 1329 931 1362 moenibus
950 1331 1072 1362 astans

202 1381 343 1415 Fundit
361 1393 485 1426 equus,
508 1381 695 1425 victorque
715 1381 827 1414 Sinon
844 1381 1012 1414 incendia
1030 1381 1156 1414 miscet

202 1433 392 1467 Insultans
410 1446 416 1469 :
445 1445 481 1478 p:
493 1434 558 1467 rtis
577 1434 639 1468 alii
659 1434 905 1477 bipatentibus
924 1434 1070 1476 adsunt,

203 1486 324 1522 Millia
343 1489 433 1531 quot
451 1487 591 1530 magnis
610 1498 800 1531 nunquam
818 1487 948 1520 venere
968 1486 1144 1531 Mycenis.

204 1539 385 1574 obsedere
404 1540 466 1574 alii
485 1540 566 1573 telis
585 1543 739 1583 angusta
759 1539 897 1573 viarum

203 1592 371 1636 Oppositi
390 1605 398 1634 ;
427 1595 500 1626 stat
518 1593 604 1626 ferri
623 1593 714 1626 acies
733 1604 905 1626 mucrone
924 1603 1070 1627 corusco

203 1645 348 1689 Stricta,
370 1648 497 1689 parata
514 1646 593 1679 neci
611 1658 618 1680 :
646 1646 709 1679 vix
728 1646 844 1690 prima
861 1646 985 1690 praelia
1003 1647 1150 1679 tentant

203 1698 399 1732 Portarum
413 1699 540 1742 vigiles
558 1701 596 1732 et
615 1710 707 1732 oaeco
728 1699 848 1732 Marte
867 1699 1051 1733 resistunt.
1060 1698 1080 1715 ''

203 1751 351 1785 Talibus
370 1751 568 1795 Othryadae
587 1751 694 1785 dictis
712 1755 749 1785 et
768 1753 917 1786 numine
936 1752 1085 1794 Divum,

204 1804 250 1837 In
268 1804 431 1838 flammas
450 1808 487 1838 et
505 1805 543 1838 in
558 1816 658 1838 arma
675 1805 771 1838 feror
788 1819 796 1846 ;
824 1816 896 1848 quo
915 1805 1030 1838 tristis
1048 1804 1220 1847 Erinnys,

205 1856 285 1898 Quo
304 1857 471 1891 fremitus
491 1860 608 1901 vocat,
630 1859 667 1890 et
687 1858 852 1891 sublatus
873 1857 919 1890 ad
939 1857 1074 1891 aethera
1094 1857 1236 1891 clamor.

204 1910 360 1944 Addunt
379 1921 416 1944 se
435 1910 547 1944 socios
568 1910 731 1954 Rhipeus
751 1913 788 1944 et
807 1910 987 1943 maximus
1006 1909 1111 1943 annis

203 1963 359 2007 Epytus,
381 1963 494 1997 oblati
512 1975 575 2007 per
592 1963 730 2006 lunam,
752 1963 1003 2007 Hypanisque,
1025 1962 1247 2006 Dymasque,

203 2016 252 2050 Et
272 2016 378 2049 lateri
396 2017 644 2060 agglomerant
663 2019 787 2049 nostro
805 2029 812 2056 ;
838 2015 1055 2060 juvenisque
1075 2014 1275 2048 choroebus

203 2069 449 2112 Mygdonides
467 2082 473 2103 :
501 2069 573 2102 illis
593 2069 639 2102 ad
659 2069 804 2113 'frojam
822 2068 916 2102 forte
936 2068 1064 2102 diebus

203 2121 374 2165 Venerat,
398 2122 526 2156 insano
546 2122 756 2155 Cassandrae
775 2121 942 2154 incensus
960 2132 1080 2154 amore
1097 2132 1106 2161 3

202 2173 253 2207 Et
270 2186 379 2218 gener
397 2175 574 2209 auxilium
596 2175 741 2208 Priamo
761 2174 1039 2218 Phrygibusque
1058 2173 1198 2207 ferebat
1215 2185 1223 2207 2

203 2225 351 2271 Infelix,
374 2228 438 2271 qui
455 2239 530 2261 non
549 2239 689 2272 sponsae
709 2230 889 2271 praecepta
908 2227 1062 2261 furentis

203 2279 382 2314 Audierit.

205 2330 303 2373 Quos
320 2333 385 2367 ubi
403 2334 585 2368 confertos
604 2333 737 2368 audere
755 2333 793 2366 iu
813 2332 938 2377 praelia
962 2331 1050 2377 vidi,

1369 642 1409 662 ³¹5

1366 904 1408 925 32]

1367 1166 1407 1187 32⁵

1365 1430 1406 1451 230

1366 1695 1407 1716 335

1370 1958 1410 1980 310

1230 2380 1292 2412 02
