1528 2569
651 98 784 125 11113131‘.
815 98 854 125 V.

197 183 237 219 Ν
239 197 278 219 ec
297 184 347 219 sic
365 184 534 219 immissis
553 185 688 230 aurigae
707 186 887 220 undantia
905 185 983 219 lora

199 238 417 272 Concussere
432 238 543 282 jugis,
564 239 745 283 pronique
765 239 803 272 in
823 239 974 272 verbera
991 237 1164 281 pendent.

199 291 293 325 Tum
309 292 441 335 plausu
459 292 682 336 fremituque
700 293 819 326 virum
838 291 1040 335 studiisque
1058 290 1249 324 faventum

199 344 383 378 Consonat
402 355 508 378 omne
528 356 668 388 nemus,
691 357 890 389 vocemque
904 344 1045 378 inclusa
1063 343 1234 377 volutant

199 396 342 430 Littora
359 410 367 438 ;
394 397 532 441 pulsati
550 398 658 431 colles
677 398 831 432 clamore
850 398 1040 431 resultant.

199 450 338 494 Effugit
356 452 442 484 ante
461 450 563 493 alios,
585 451 796 495 primusque
816 450 974 485 elabitur
991 449 1102 484 undis

1374 395 1414 416 150

201 503 360 537 Turbam
378 503 475 537 inter
491 504 751 548 fremitumque
771 504 891 548 Gyas:
911 515 1020 548 quem
1039 502 1172 536 deinde
1192 502 1393 537 Cloanthus

201 555 456 600 Consequitur,
478 557 606 590 melior
623 557 731 590 remis
751 570 759 599 ;
788 557 851 591 sed
870 556 1029 600 pondere
1048 556 1156 599 pinus

202 609 320 642 Tarda
337 612 449 643 tenet.
510 609 600 643 Post
618 610 683 643 hos
703 622 808 654 {equo
824 609 1029 643 discrimine
1049 608 1180 642 Pristis

202 661 477 705 Centaurusque
492 662 612 695 locum
629 662 791 696 tendunt
810 673 978 706 superare
997 661 1155 705 priorem
1175 673 1183 696 ε

201 714 251 748 Et
270 726 368 748 nunc
388 714 518 748 Pristis
536 715 647 748 habet
665 728 673 756 ;
701 727 800 748 nunc
818 715 955 748 victam
973 714 1137 758 praesserit
1156 713 1286 757 ingens

204 767 408 801 Centaurus
425 780 433 809 ;
462 779 561 801 nunc
580 779 655 801 una
673 768 789 802 ambae
803 768 1015 812 junctisque
1034 767 1206 800 feruntur

202 820 414 863 Frontibus,
436 823 473 853 et
491 821 601 864 longa
620 821 763 855 sulcant
782 821 876 855 vada
895 821 988 854 salsa
1007 820 1138 853 carina.

254 873 414 917 Jamque
432 874 728 918 propinquabant
747 874 908 918 scopulo,
930 875 1139 916 metamque
1158 872 1357 914 tenebant3

203 925 325 967 Quum
342 927 508 970 princeps
527 927 719 971 medioque
739 927 837 971 Gyas
856 927 894 960 in
913 926 1055 970 gurgite
1074 925 1192 960 victor

201 979 396 1013 Rectorem
415 979 518 1013 navis
538 981 731 1024 compellat
750 992 837 1014 voce
857 980 1043 1013 Menoeten
1065 991 1072 1013 ε

207 1034 231 1050 “
249 1032 328 1073 Quo
347 1035 494 1066 tantum
513 1033 604 1066 mihi
623 1033 754 1067 dexter
771 1033 875 1067 abis?
902 1033 974 1066 huc
994 1032 1108 1076 dirige
1127 1043 1289 1076 gressum
1307 1045 1316 1074 ;

203 1085 325 1119 Littus
344 1097 425 1119 ama
441 1098 450 1127 ;
479 1089 515 1119 et
533 1086 644 1120 laevas
663 1087 830 1130 stringat,
852 1086 943 1129 sine,
964 1086 1124 1130 palmula
1143 1088 1265 1119 cautes
1283 1097 1291 1120 :

202 1139 332 1172 Altum
352 1138 414 1172 alii
431 1139 622 1173 teneant.’'
676 1140 783 1173 Dixit
801 1152 808 1174 :
837 1139 900 1173 sed
921 1150 1013 1172 caeca
1033 1138 1217 1172 Menoetes

205 1191 300 1225 Saxa
317 1191 462 1234 timens,
484 1203 627 1236 proram
645 1193 763 1237 pelagi
781 1193 975 1236 detorquet
995 1192 1040 1225 ad
1060 1191 1186 1225 undas.

208 1246 233 1262 “
247 1244 327 1285 Quo
347 1244 511 1278 diversus
530 1245 633 1279 abis?
659 1245 805 1289 iterum,
827 1248 910 1290 pete
930 1257 1029 1288 saxa,
1052 1244 1217 1278 Menoete
1237 1244 1269 1279 :''

205 1297 297 1331 Cum
316 1298 470 1331 clamore
490 1297 589 1341 Gyas
608 1299 800 1333 revocabat
817 1312 824 1340 3
854 1301 890 1332 et
909 1310 990 1332 ecce
1009 1299 1015 1332 ἔ
1047 1297 1269 1331 Cloanthum

203 1350 366 1394 Respicit
384 1351 583 1384 instantem
601 1354 704 1396 tergo
723 1354 760 1385 et
778 1352 945 1396 propiora
962 1353 1160 1385 tenentem.

205 1404 273 1437 Ille
292 1404 388 1437 inter
406 1415 611 1447 navemque
631 1404 722 1448 Gyae
741 1405 978 1448 scopulosque
998 1406 1168 1437 sonantes

203 1456 317 1490 Radit
335 1456 406 1490 iter
423 1457 558 1490 laemm
576 1455 740 1501 interior,
763 1458 978 1501 subitusque
997 1457 1153 1500 priorem

205 1509 388 1552 Praeterit,
411 1511 448 1542 et
468 1510 575 1543 metis
594 1512 698 1544 tenet
717 1522 865 1555 aequora
882 1513 967 1544 tuta
985 1510 1129 1544 relictis.

204 1562 297 1596 Tum
316 1574 402 1596 vero
422 1563 558 1596 exarsit
572 1563 703 1607 juveni
721 1564 825 1597 dolor
844 1564 983 1597 ossibus
1002 1563 1142 1607 ingens,

202 1615 283 1649 Nec
301 1615 471 1659 lacrymis
491 1616 636 1650 caruere
654 1628 757 1660 genae
777 1630 786 1658 ;
815 1628 1033 1661 segnemque
1053 1616 1257 1660 Menoeten,

204 1668 351 1702 Oblitus
371 1668 582 1713 decorisque
602 1670 658 1703 sui
678 1670 888 1714 sociumque
907 1670 1047 1712 salutis,

202 1720 249 1754 In
268 1733 366 1755 mare
385 1722 611 1766 praecipitem
630 1723 745 1767 puppi
764 1723 938 1757 deturbat
956 1723 1002 1757 ab
1021 1723 1108 1757 alta.

203 1774 287 1818 Ipse
306 1774 523 1818 gubernaclo
542 1778 662 1809 rector
681 1776 789 1819 subit,
812 1776 888 1820 ipse
907 1776 1087 1820 magister,

202 1827 458 1870 Hortaturque
478 1827 584 1871 viros,
610 1829 826 1873 clavumque
847 1829 893 1862 ad
911 1829 1038 1862 littora
1056 1830 1214 1872 torquet.

201 1880 254 1913 At
273 1880 392 1924 gravis
410 1883 454 1914 ut
472 1880 588 1914 fundo
608 1881 670 1914 vix
689 1882 839 1915 tandem
860 1881 1025 1915 redditus
1043 1881 1116 1915 imo
1136 1884 1191 1915 est

200 1932 228 1966 J
229 1945 288 1966 am
307 1932 438 1976 senior,
461 1932 682 1978 madidaque
702 1935 817 1968 fluens
836 1935 874 1968 in
895 1937 1007 1977 veste,
1029 1934 1070 1967 M
1074 1937 1213 1968 enoetes

201 1985 350 2020 Summa
369 1986 463 2030 petit
482 1987 621 2030 scopuli
641 1988 804 2032 siccaque
822 1988 861 2021 in
879 1999 969 2032 rupe
988 1987 1142 2021 resedit:

198 2038 312 2072 Illum
332 2041 369 2072 et
388 2039 573 2073 labentem
594 2040 733 2084 Teucri,
756 2043 793 2074 et
811 2040 921 2074 risere
939 2043 1130 2074 natantem
1145 2053 1155 2082 3

201 2090 252 2125 Et
272 2092 383 2125 salsos
402 2091 525 2125 rident
543 2096 791 2127 revomentem
811 2096 955 2138 pectore
975 2092 1120 2128 fluctus.

253 2144 327 2178 Hic
346 2144 432 2178 laeta
446 2146 619 2180 extremis
638 2158 719 2191 spes
739 2149 793 2180 est
812 2158 959 2181 accensa
979 2146 1133 2190 duobus,

199 2197 365 2241 Sergesto
386 2197 656 2242 Mnestheique,
679 2199 786 2244 Gyan
805 2212 973 2244 superare
991 2203 1205 2235 morantem.

199 2249 388 2294 Sergestus
408 2251 504 2295 capit
524 2255 609 2285 ante
628 2253 761 2296 locum,
784 2253 1003 2298 scopuloque
1023 2253 1266 2298 propinquat:

199 2302 238 2336 N
240 2315 280 2336 ec
299 2306 380 2337 tota
401 2306 524 2337 tamen
544 2304 605 2338 ille
625 2306 723 2350 prior
742 2309 927 2350 praeeunte
947 2307 1068 2341 carina
1085 2320 1094 2348 ;

198 2355 309 2391 Parte
328 2356 426 2401 piior
443 2369 452 2399 ;
485 2361 627 2401 partem
646 2361 763 2393 rostro
781 2359 914 2404 premit
933 2361 1065 2395 aemula
1085 2360 1223 2396 Pristis.

1373 659 1412 679 155

1372 924 1411 944 16⁴

1373 1189 1413 1210 155

1374 1455 1414 1478 170

1377 1985 1415 2006 180

1378 2251 1416 2273 185
