1528 2569
709 118 844 145 LIBER
873 118 931 145 IV.

267 205 370 250 Saepe
387 205 508 240 Deum
526 205 628 240 nexis
647 209 785 241 ornatae
802 205 994 251 torquibus
1012 217 1084 240 arae
1101 218 1109 241 :

267 259 386 304 Asper
402 259 441 293 in
460 271 520 293 ore
539 271 644 303 sapor
662 272 668 294 :
696 260 811 294 tonsis
829 260 868 293 'm
886 259 1042 293 vallibus
1061 259 1165 293 illum

267 312 448 355 PastoreS,
471 315 507 346 et
526 324 637 346 curva
654 313 782 357 legunt
800 324 911 357 prope
930 312 1081 345 fiumina
1101 312 1234 346 Mellae.

268 364 394 409 Hujus
413 366 562 399 odorato
580 365 719 399 radices
736 366 889 410 incoque
908 365 1063 408 Baccho,

268 418 481 463 Pabulaque
499 419 538 452 in
556 419 694 452 foribus
712 418 827 463 plenis
845 430 987 462 appone
1006 418 1182 454 canistris,

323 471 394 506 Sed
413 472 477 516 qui
496 483 603 515 quem
622 472 739 516 proles
758 472 879 505 subito
897 471 1069 505 defecerit
1087 471 1216 514 omnis,

269 523 362 568 Nec,
383 536 497 569 genus
515 525 613 558 unde
632 536 737 558 novae
758 525 880 568 stirpis
899 527 1102 567 revocetur,
1123 524 1272 557 habebit
1291 537 1298 560 :

268 577 426 621 Tempus
444 581 481 611 et
500 578 648 611 Arcadii
664 577 898 611 memoranda
916 577 1066 611 inventa
1083 577 1247 621 magistri

268 631 447 674 Pandere,
470 642 614 675 quoque
633 631 741 664 modo
761 631 860 664 caesis
875 630 953 674 jam
973 642 1066 674 saepe
1081 629 1248 674 juvencis

269 683 478 717 Insincerus
496 695 580 727 apes
598 683 725 717 tulerit
744 695 857 717 cruor.
917 683 1041 716 Altius
1060 694 1205 716 omnem

268 736 483 780 Expediam,
505 736 622 780 prima
639 738 806 780 repetens
825 736 871 769 ab
890 735 1038 779 origine,
1061 736 1205 770 famam.

269 789 369 823 Nam
387 801 459 834 qua
478 789 605 822 Pellaei
622 801 709 833 gens
726 789 916 822 fortunata
933 788 1072 832 Canopi

269 842 411 876 Accolit
430 843 542 876 effuso
561 844 790 888 stagnantem
809 842 959 875 flumine
978 841 1121 885 Nilum,

269 895 318 929 Et
338 894 473 929 circum
491 895 597 939 pictis
618 895 763 929 vehitur
781 906 845 928 sua
863 906 949 928 rura
966 895 1122 938 phaselis
1138 907 1147 937 ;

271 948 424 993 Quaque
442 949 662 992 pharetratae
681 947 815 981 vicinia
833 947 993 981 Persidis
1011 951 1130 992 urget,

271 997 335 1050 [Et
353 1000 510 1035 viridem
528 1001 735 1045 AEgyptum
754 1001 859 1045 nigra,
877 1001 1066 1034 foecundat
1086 1002 1209 1044 arena,

270 1054 320 1088 Et
338 1055 481 1088 diversa
498 1066 607 1088 ruens
626 1057 764 1098 septem
783 1054 954 1087 discurrit
972 1054 1010 1087 in
1029 1050 1106 1103 ora]

270 1107 396 1152 Usque
415 1108 582 1142 coloratis
601 1108 717 1141 amnis
736 1108 896 1141 devexus
915 1107 961 1140 ab
980 1106 1084 1140 Indis
1101 1120 1109 1148 ;

272 1161 400 1195 Omnis
418 1161 458 1195 in
475 1161 546 1194 hac
565 1163 700 1194 certam
718 1160 816 1204 regio
831 1160 921 1204 jacit
941 1162 1018 1193 arte
1037 1160 1202 1194 salutem.

271 1214 435 1258 Exiguus
453 1214 623 1258 primum,
645 1217 756 1257 atque
774 1214 872 1257 ipsos
891 1216 1098 1247 contractus
1117 1213 1164 1246 ad
1182 1224 1282 1256 usuS,

270 1267 431 1311 Eligitur
449 1267 550 1300 locus
568 1280 575 1301 z
602 1266 702 1300 hunc
721 1266 939 1310 angustique
957 1266 1105 1299 imbrice
1124 1266 1213 1299 tecti

273 1320 553 1363 Parietibusque
572 1322 743 1363 premunt
762 1319 884 1362 aretis,
904 1322 941 1352 et
961 1321 1118 1362 quatuor
1136 1319 1291 1363 addunt,

273 1372 438 1414 Quatuor
456 1384 478 1407 a
496 1373 628 1415 ventis,
651 1372 800 1416 obliqua
819 1372 898 1405 luce
917 1372 1101 1406 fenestras.

271 1426 366 1460 Tum
384 1426 536 1468 vitulus,
558 1426 656 1459 bima
675 1437 829 1459 curvans
844 1425 921 1469 jam
941 1436 1076 1458 cornua
1094 1425 1229 1468 fronte,

273 1478 458 1520 Quaeritur
476 1491 482 1513 :
509 1478 595 1512 huie
613 1478 767 1522 geminae
785 1490 901 1521 nares,
924 1480 960 1511 et
980 1478 1127 1522 spiritus
1147 1478 1218 1512 oris

272 1532 398 1566 Multa
414 1532 610 1565 reluctanti
629 1531 795 1565 obsuitur
811 1544 819 1572 3
847 1530 1034 1575 plagisque
1054 1534 1241 1575 perempto

272 1585 394 1619 Tunsa
411 1597 475 1629 per
492 1585 671 1629 integram
690 1585 884 1618 solwmtur
901 1584 1037 1618 viscera
1055 1585 1195 1628 pellem.

273 1638 332 1672 Sic
350 1638 510 1682 positum
529 1639 567 1671 in
587 1638 708 1671 clauso
727 1638 902 1681 linquunt
919 1650 927 1678 ;
956 1640 992 1670 et
1011 1649 1132 1671 ramea
1151 1637 1258 1671 costis

273 1691 481 1735 Subjiciunt
499 1691 713 1735 fragmenta,
735 1690 918 1734 thymum,
942 1691 1125 1734 casiasque
1144 1694 1319 1724 recentes·

271 1743 354 1778 Hoc
373 1744 523 1788 geritur,
546 1744 721 1788 Zephyris
738 1744 898 1787 primum
915 1744 1186 1787 impellentibus
1205 1744 1334 1786 undas,

271 1798 371 1831 Ante
391 1797 495 1831 novis
513 1797 669 1830 rubeant
689 1808 799 1840 quain
818 1799 922 1840 prata
941 1797 1131 1839 coloribus,
1154 1799 1238 1830 ante

273 1850 430 1884 Garrula
449 1862 559 1895 quam
578 1850 689 1893 tignis
708 1850 838 1883 nidum
858 1849 1055 1893 suspendat
1073 1849 1241 1884 hirundo.

272 1903 420 1937 Interea
437 1903 572 1937 teneris
590 1903 793 1947 tepefactus
812 1902 851 1936 in
870 1903 1009 1936 ossibus
1028 1902 1161 1936 humor

272 1956 425 1990 AEstuat
442 1970 451 1999 3
479 1960 516 1990 et
536 1956 686 1990 visenda
704 1956 822 1989 modis
841 1956 1012 1989 animalia
1030 1956 1142 1999 miris,

272 2009 415 2043 Trunca
432 2010 567 2053 pedum
585 2009 715 2053 primo,
737 2020 825 2042 mox
844 2012 881 2042 et
900 2009 1093 2042 stridentia
1110 2009 1239 2052 pennis

272 2062 489 2106 Miscentur,
510 2065 732 2106 tenuemque
750 2062 864 2105 magis
883 2062 998 2105 magis
1015 2066 1098 2095 aera
1118 2064 1272 2105 carpunt
1290 2073 1298 2097 :

271 2115 409 2159 Donec,
431 2118 474 2149 ut
493 2115 629 2149 aestivis
649 2116 783 2148 effusus
802 2115 961 2148 nubibus
980 2115 1106 2158 imber,

271 2168 433 2213 Erupere
450 2182 458 2210 3
487 2171 551 2202 aut
570 2171 626 2211 ut,
647 2179 759 2201 nervo
778 2168 960 2211 pulsante,
983 2168 1138 2211 sagittae,

270 2221 395 2256 Prima
414 2222 512 2255 leves
531 2222 661 2255 ineunt
680 2221 710 2254 si
729 2220 876 2264 quando
894 2221 1019 2264 praelia
1038 2220 1175 2254 Parthi.

327 2274 417 2316 Quis
436 2275 537 2308 Deus
557 2275 663 2317 hanc,
686 2274 818 2316 Musae,
841 2274 922 2317 quis
941 2274 1045 2307 nobis
1065 2274 1208 2308 extudit
1229 2276 1345 2308 artem
1361 2274 1372 2308 2

272 2325 382 2361 Unde
401 2340 496 2362 nova
515 2328 694 2372 ingressus
713 2327 904 2360 hominum
924 2327 1148 2370 experientia
1168 2327 1291 2371 cepit?

273 2379 405 2414 Pastor
422 2381 613 2424 Aristaeus,
636 2380 779 2424 fugiens
799 2379 934 2414 Peneia
953 2380 1099 2424 Tempe,

1435 416 1476 437 25⁰

1439 944 1480 965 290

1440 1210 1480 1230 22⁵

1439 1476 1481 1496 3oe

1442 1740 1482 1761 3⁰5

1446 2006 1484 2026 310

1443 2271 1483 2292 ³15
