1528 2569
559 120 748 147 VIRGILH
779 119 906 147 CIRIS.

188 208 227 242 Si
244 207 372 251 nescis,
392 207 553 251 aliquam
569 218 716 250 possum
736 218 878 251 sperare
896 206 1063 249 salutem,

188 261 307 296 Inscia
325 260 620 305 quandoquidem
638 260 754 293 scelus
771 271 808 293 es
827 261 955 293 conata
971 258 1171 292 nefandum
1191 272 1198 297 ;

189 314 253 348 Sin
272 316 339 356 est,
361 313 460 357 quod
477 316 615 355 metuo,
637 324 701 356 per
717 315 768 356 te,
789 323 869 345 mea
887 313 1046 355 alumna,
1067 315 1246 356 tuumque

186 367 391 410 Expertum
408 366 535 399 multis
553 365 705 399 miserae
723 365 815 399 mihi
833 365 941 399 rebus
961 376 1132 408 amorem,

190 419 275 463 Per,
296 422 334 452 te
355 431 462 452 saeva
479 430 616 462 precor,
637 430 702 462 per
720 418 870 452 flumina
889 420 926 451 et
945 418 1130 461 Ih'thyiae,

190 473 250 506 Ne
269 475 417 506 tantum
435 472 474 505 in
492 472 634 505 facinus
652 475 730 505 tam
748 471 850 504 nulla
868 474 991 504 mente
1010 471 1180 515 sequaris.

189 525 277 559 Non
295 537 360 569 ego
378 528 416 558 te
433 524 591 568 incepto,
613 525 691 558 fieri
709 524 808 568 quod
827 535 902 557 non
919 527 1016 567 pote,
1039 535 1149 557 conor

1358 416 1398 436 335

190 579 355 612 Flectere
373 589 506 620 amore,
527 589 646 621 neque
665 580 719 610 est
739 589 821 610 cum
841 577 897 610 dis
916 576 1134 610 contendere
1153 579 1319 610 nost-rum
1337 590 1345 618 ;

194 631 266 665 Sed
284 631 398 675 patris
417 630 591 664 incolumi
610 630 731 673 potius
750 630 933 663 denubere
951 641 1074 673 regno,

191 685 316 728 Atque
335 684 476 727 aliquos
494 686 618 716 tamen
637 694 712 716 esse
731 683 821 715 velis
838 682 920 725 tibi,
942 683 1102 725 alumna,
1124 686 1283 726 penateS.

192 736 275 770 Hoc
293 748 421 779 unum,
445 735 556 769 exitio
576 735 684 768 docta
702 738 812 779 atque
831 738 993 779 experta,
1014 736 1179 770 monebo.

193 789 301 830 Quod
319 789 350 822 si
367 800 443 823 non
460 789 531 822 alia
549 789 684 832 poteris
701 788 842 821 ratione
856 791 1045 831 parentem

1361 680 1403 700 :530

192 842 473 877 Flectere—sed
491 841 627 885 poteris
644 854 652 882 ;
681 841 770 885 quid
789 842 887 874 enim
905 853 980 875 non
998 841 1107 875 unica
1124 841 1239 885 possis
1257 841 1322 875 2-

193 896 295 929 Tunc
312 895 434 939 potius
453 897 578 928 tamen
596 895 686 938 ipsa,
708 894 768 938 pio
788 906 870 927 cum
889 894 967 928 iure
985 894 1122 937 licebit,

194 948 287 982 Cum
305 948 394 982 facti
412 959 556 981 causam
574 950 791 991 tempusque
811 947 945 980 doloris
963 947 1125 991 habebis,

193 1000 299 1035 Tunc*
313 1001 435 1045 potius
454 1003 584 1034 conata
599 1003 666 1034 tua
685 1003 795 1044 atque
813 1000 958 1044 incepta
975 1001 1110 1034 referto
1128 1014 1136 1042 ;

192 1054 329 1098 Meque
348 1055 506 1098 deosque
523 1054 593 1087 tibi
610 1053 770 1096 comites,
792 1065 872 1087 mea
890 1054 1049 1097 alumna,
1070 1055 1214 1088 futuros

194 1107 372 1141 Polliceor
391 1120 398 1141 :
426 1107 520 1140 nihil
538 1110 605 1150 est,
628 1107 727 1150 quod
746 1110 847 1140 texas
867 1107 1005 1149 ordine,
1027 1107 1216 1151 longum.’²

195 1160 267 1194 His
284 1160 349 1194 ubi
367 1160 538 1194 sollicitos
556 1159 669 1193 animi
686 1160 910 1193 relevaverat
929 1163 1051 1193 aestus

195 1213 369 1256 Vocibus,
392 1216 428 1246 et
447 1213 582 1246 blanda
599 1215 725 1256 pectus
744 1224 806 1256 spe
824 1213 960 1246 vicerat
979 1225 1127 1256 aegrum
1144 1225 1153 1254 ;

195 1266 394 1300 Paullatim
411 1266 653 1299 tremebunda
669 1266 770 1309 genis
788 1265 966 1299 obducere
985 1269 1124 1300 vestem

201 1319 368 1363 Virginis
388 1322 424 1352 et
442 1319 622 1363 placidam
641 1318 800 1352 tenebris
820 1322 962 1362 captare
982 1319 1155 1363 quietem,

195 1372 347 1406 Inverso
365 1372 533 1406 bibulum
550 1371 780 1415 restinguens
797 1372 922 1405 lumen
942 1372 1049 1415 olivo,

197 1425 344 1469 Incipit,
367 1424 413 1458 ad
432 1425 574 1458 crebros
592 1424 711 1458 insani
727 1424 884 1468 pectoris
901 1425 996 1458 ictus

196 1478 307 1513 Ferre
324 1489 487 1521 manum,
509 1477 662 1511 assiduis
681 1477 843 1511 mulcens
862 1477 1070 1521 praecordia
1088 1477 1228 1521 palmis.

196 1531 356 1565 Noctem
373 1531 474 1565 illam
494 1531 543 1564 sic
556 1533 695 1564 maesta
713 1542 821 1574 super
838 1531 1025 1564 morientis
1045 1531 1213 1565 alumnae

196 1584 404 1628 Frigidulos
422 1584 546 1617 cubito
565 1584 719 1617 subnixa
737 1584 911 1627 pependit
929 1584 1068 1618 ocellos.

197 1637 349 1671 Postera
367 1637 434 1670 lux
450 1637 515 1670 ubi
532 1637 629 1670 laeta
641 1637 744 1670 diem
762 1637 977 1671 mortalibus
996 1638 1134 1671 almum

198 1690 411 1734 Praegelida
429 1690 578 1723 veniens
596 1690 735 1723 miseris
755 1691 943 1734 quatiebat
962 1691 1007 1724 ab
1027 1691 1131 1733 Oeta,

198 1743 315 1785 Quem
332 1743 484 1787 pavidae
504 1743 653 1776 alternis
671 1743 834 1787 fugitant
853 1746 1058 1787 optantque
1077 1744 1274 1787 puellae—-

197 1796 419 1841 Hesperium
435 1796 570 1838 vitant,
591 1799 722 1840 optant
740 1796 924 1830 ardescere
942 1797 1061 1830 Eoum
1078 1810 1147 1839 ;—-

198 1849 407 1893 Praeceptis
424 1852 528 1893 paret
546 1849 647 1892 virgo
666 1849 831 1892 nutricis,
853 1852 891 1882 et
910 1861 1034 1883 omnes

198 1901 372 1946 Undique
391 1902 572 1946 conquirit
590 1902 752 1936 nubendi
771 1903 897 1936 sedula
916 1914 1051 1938 causas,

198 1955 404 1989 Tentantur
421 1955 559 1998 patriae
578 1955 765 1988 submissis
782 1956 932 1989 vocibus
946 1968 1063 1999 aures,

198 2007 486 2052 Lauda-nturque
505 2008 620 2041 bonae
639 2009 737 2052 pacis
756 2008 850 2042 bona
868 2022 875 2050 ;
904 2009 1044 2042 multus
1063 2009 1209 2053 ineptae

199 2061 363 2105 Virginis
381 2061 528 2094 insolito
547 2073 664 2094 sermo
682 2073 800 2094 novus
818 2064 914 2095 errat
932 2062 971 2095 in
990 2073 1063 2096 ore.

199 2114 312 2148 Nunc
330 2117 484 2148 tremere
503 2114 675 2147 instantis
692 2114 779 2147 belli
799 2115 995 2148 certamina
1014 2115 1103 2148 dicit

199 2167 511 2211 Communemque
528 2167 657 2200 timere
676 2167 799 2209 deum,
821 2179 920 2201 nunc
938 2168 1031 2211 regis
1049 2167 1186 2209 amicis,

199 2219 311 2254 Nunc
329 2220 398 2264 ipsi
417 2220 534 2253 verita
552 2223 619 2263 est,
641 2220 769 2254 orbum
788 2221 851 2254 flet
870 2224 1007 2254 maesta
1024 2222 1221 2264 parentem.

199 2268 309 2321 [Cum
328 2273 417 2307 Iove
436 2285 646 2307 communes
665 2274 730 2317 qui
749 2273 934 2317 quondam
952 2273 1111 2308 habuere
1129 2274 1279 2317 nepotes

199 2325 312 2360 Nunc
330 2327 442 2360 etiam
461 2327 614 2360 conficta
632 2326 715 2360 dolo
733 2327 922 2361 mendacia
938 2327 1040 2371 turpi

200 2378 361 2423 Invenit,
383 2381 421 2412 et
439 2379 568 2414 divum
585 2382 699 2413 terret
716 2380 911 2414 formidine
926 2380 1021 2414 cives
1039 2393 1049 2423 ς

1367 1210 1408 1230 ³4⁰

1369 1475 1409 1495 3⁴5

1369 1741 1412 1760 :1:20

1371 2005 1413 2025 355

1299 2267 1336 2322 ;]
