1528 2569
656 105 827 134 ECLOGA
857 105 894 133 V.

115 197 189 232 Pro
206 197 307 231 molli
324 196 431 239 viola,
453 206 517 239 pro
536 206 717 239 purpureo
736 193 905 236 narcisso,

121 250 284 284 Oarduus
301 252 339 283 et
358 249 470 293 spinis
489 248 604 292 surgit
623 247 784 291 paliurus
803 246 930 280 acutis.

116 303 279 347 Spargite
297 302 451 335 humum
465 301 573 343 foliis,
594 300 756 334 inducite
776 299 940 333 fontibus
958 297 1120 342 umbras„

115 355 283 389 Pastores
303 367 310 389 :
338 353 489 387 mandat
507 353 586 386 fieri
605 353 672 386 sibi
690 353 779 386 talia
801 351 975 395 Daphnis.

114 408 164 442 Et
182 408 367 441 tumulum
384 406 505 449 facite,
527 408 564 439 et
582 406 726 439 tumulo
745 404 977 448 superaddite
997 414 1140 437 carmen
1156 413 1166 438 ι

114 460 278 504 Daphnis
297 471 362 503 ego
381 459 419 492 in
439 459 561 502 sylvis,
582 458 668 491 hinc
688 469 802 502 usque
822 457 868 491 ad
888 456 1005 490 sidera
1024 457 1147 499 notus,

114 512 279 547 Formosi
296 511 432 556 pecoris
451 514 583 554 0113103,
606 511 794 544 formosior
812 510 897 553 ipse.

168 566 272 599 MEN.
306 565 391 598 Tale
410 567 518 598 tuum
536 575 680 597 carmen
694 563 810 606 nobis,
833 562 956 595 divine
978 563 1098 605 poeta,

115 618 230 659 Quale
249 629 355 661 sopor
372 617 474 650 fessis
493 617 531 649 in
550 615 709 659 gramine
729 628 737 656 ;
767 615 872 658 quale
890 626 954 658 per
965 616 1097 647 aestum

114 671 241 705 Dulcis
259 681 364 713 aquae
383 669 533 702 saliente
545 668 644 701 sitim
661 667 882 710 restinguere
901 667 989 700 rivo.

114 723 152 757 N
155 735 194 757 ec
213 722 358 756 calamis
376 722 495 755 solum
507 720 725 768 ¹aequiparas,
747 719 810 753 sed
829 730 915 753 voce
933 718 1147 762 magistrum
1163 728 1172 754 ε

114 776 316 810 Fortunate
335 786 436 818 puer,
458 776 501 807 tu
519 784 617 806 nunc
636 772 705 805 eris
723 772 815 806 alter
832 771 878 805 ab
896 771 968 805 1110.

115 829 194 862 Nos
212 831 334 861 tamen
352 827 430 860 haec
449 837 677 869 quocumque
696 825 804 858 modo
822 824 891 858 tibi
909 826 1033 857 nostra
1050 822 1208 857 vicissim

115 881 306 921 Dicemus3
334 879 580 923 Daphninque
598 880 706 911 tuum
724 877 894 911 tollemus
913 877 959 910 ad
981 879 1077 910 astra
1095 889 1103 917 3

115 931 294 977 Daphnin
310 933 356 966 ad
375 935 471 965 astra
489 932 647 964 feremus
665 943 671 965 :
700 930 835 964 amavit
853 941 919 963 1103
938 941 1083 973 quoque
1105 927 1279 972 Daphnis.

168 986 270 1020 MOP.
301 986 361 1018 An
380 985 580 1028 quidquam
598 983 702 1016 nobis
721 983 787 1016 tali
806 982 853 1016 sit
871 994 1020 1015 1111111010
1041 981 1186 1026 majus?

114 1039 164 1072 Et
180 1050 270 1083 puer
289 1038 365 1082 ipse
384 1038 456 1070 fuit
474 1036 612 1070 cantari
630 1036 760 1079 dignus
780 1048 788 1077 ;
817 1038 854 1068 et
872 1035 942 1068 ista

115 1091 142 1125 J
143 1091 341 1135 ampridem
360 1090 535 1124 Stimicon
553 1088 717 1122 laudavit
736 1088 895 1122 carmina
913 1087 1026 1121 nobis.

168 1144 273 1178 ΜΕΝ.
308 1142 492 1176 Candidus
510 1142 696 1175 insuetum
714 1141 867 1174 miratur
885 1140 996 1174 limen
1017 1139 1177 1184 Olympi,

116 1196 192 1230 Sub
210 1196 434 1240 pedibusque
453 1195 554 1229 videt
572 1194 687 1227 nubes
706 1196 742 1227 et
762 1193 879 1227 sidera
898 1193 1076 1236 Daphnis.

69 1284 72 1286 ,
117 1249 212 1293 Ergo
232 1249 357 1282 alacris
376 1248 496 1292 sylvas
515 1249 551 1281 et
571 1249 689 1280 cetera
706 1258 790 1279 rura
810 1246 988 1289 voluptas,

115 1301 301 1345 Panaque,
323 1303 556 1345 pastoresque
574 1301 688 1342 tenet,
710 1298 948 1342 Dryadasque
966 1298 1113 1342 puellas.

115 1354 154 1388 N
156 1366 195 1388 00
214 1355 322 1398 lupus
340 1353 488 1387 insidias
506 1352 637 1396 pecori,
659 1363 725 1384 nec
743 1351 835 1385 retia
854 1351 967 1384 cervis

116 1406 202 1440 Ulla
230 1407 355 1440 dolum
373 1405 598 1439 meditantur
615 1416 622 1439 :
651 1406 750 1437 amat
770 1404 887 1437 bonus
905 1403 980 1437 otia
1005 1401 1179 1447 Daphnis.

115 1459 192 1504 Ipsi
209 1460 338 1493 laetitia
356 1470 460 1492 voces
479 1458 526 1491 ad
544 1457 661 1490 sidera
675 1457 816 1500 jactant

115 1512 259 1546 Intonsi
278 1514 419 1545 montes
439 1525 447 1553 ;
475 1511 562 1554 ipsae
577 1510 656 1554 jam
675 1509 834 1543 earmina
851 1520 971 1553 rupes,

115 1565 199 1609 Ipsa
218 1567 348 1598 sonant
367 1564 525 1606 arbusta,
547 1563 659 1605 Deus,
682 1562 772 1596 deus
790 1563 862 1605 ille,
887 1561 1080 1597 Menalca!

115 1618 170 1652 Sis
189 1618 306 1651 bonus
326 1629 347 1651 o
366 1617 527 1660 felixque
546 1615 621 1649 tuis
639 1617 645 1649 l
675 1626 721 1648 en
741 1618 899 1659 quatuor
919 1626 998 1648 aras
1016 1627 1024 1655 ;

114 1671 205 1704 Ecce
225 1671 315 1704 duas
334 1670 415 1712 tibi,
437 1669 584 1713 Daphni
603 1681 612 1709 ;
641 1667 744 1711 duas,
768 1668 895 1701 altaria
915 1667 1081 1704 Phoebo:

114 1724 249 1757 Pocula
264 1723 350 1757 bina
367 1734 462 1756 novo
482 1721 690 1766 spumantia
709 1721 802 1755 lacte
827 1721 1037 1764 quotannis,

114 1776 351 1820 Craterasque
371 1775 443 1808 duo
464 1777 624 1808 statuam
643 1773 712 1807 tibi
730 1774 874 1818 pinguis
894 1773 981 1807 olivi
999 1786 1006 1807 ε

113 1829 162 1862 Ε1
180 1829 297 1862 11111110
317 1829 356 1862 111
374 1828 498 1872 primis
513 1827 673 1860 hilarans
693 1827 859 1860 convivia
878 1826 1032 1868 Baccho,

113 1882 211 1915 Ante
231 1882 363 1924 focum,
387 1881 417 1914 si
434 1881 548 1924 frigus
567 1880 647 1921 erit,
670 1879 700 1912 si
718 1879 855 1922 messis,
873 1879 910 1912 in
928 1879 1073 1922 umbra,

113 1934 211 1968 Vina
230 1946 367 1968 novum
386 1933 539 1966 fundam
558 1931 709 1966 calathis
728 1932 873 1966 Ariusia
893 1934 1026 1966 nectar.

113 1987 323 2021 Cantabunt
341 1986 431 2020 mihi
449 1986 636 2019 Damoetas
657 1987 693 2017 et
713 1985 863 2028 Lyctius
883 1984 1006 2028 AEgon
1022 1995 1033 2026 3

114 2040 296 2074 Saltantes
312 2039 461 2082 Satyros
479 2038 684 2072 imitabitur
702 2038 969 2081 Alphesiboeus,

112 2092 204 2126 Haec
224 2092 292 2126 tibi
312 2103 452 2135 semper
470 2094 590 2134 erunt,
613 2094 649 2124 et
668 2102 783 2134 quum
803 2089 991 2123 sollemnia
1009 2090 1097 2123 vota

111 2145 322 2179 Reddemus
342 2144 537 2188 Nymphis,
560 2146 597 2177 et
616 2154 731 2187 quum
751 2143 987 2176 lustrabimus
1003 2152 1115 2185 agros,

111 2197 211 2232 Dum
226 2198 316 2241 juga
334 2197 469 2230 montis
488 2208 585 2240 aper,
608 2196 737 2231 fluvios
760 2195 851 2228 dum
869 2195 975 2238 piscis
996 2194 1147 2237 amabit,

111 2250 282 2294 Dumque
301 2250 429 2294 thymo
448 2252 642 2293 pascentur
662 2260 759 2292 apes,
783 2248 872 2281 dum
890 2259 970 2280 rore
991 2247 1144 2288 cicadae3

112 2303 259 2346 Semper
277 2303 391 2336 honos
410 2313 616 2345 nomenque
636 2304 743 2335 tuum
763 2301 965 2344 laudesque
986 2299 1197 2333 manebunt.

112 2354 164 2389 Ut
184 2355 324 2389 Baccho
345 2355 549 2398 Cererique,
568 2355 635 2387 tibi
656 2355 706 2388 sic
727 2356 812 2387 vota
831 2353 1029 2398 quotannis

1372 94 1417 132 11

1395 809 1421 829 50

1402 1609 1430 1631 5⁴5

1406 1866 1431 1889 71)

1403 2125 1428 2148 Γῆ
