1528 2569
662 77 796 105 LIBER
825 77 872 106 11.
1372 69 1423 106 37

217 163 266 199 Et
284 174 354 208 me,
377 176 485 209 quem
504 165 645 199 dudum
664 178 738 200 non
756 166 832 200 ulla
850 165 984 209 injecta
1003 165 1200 200 movebant

218 217 303 251 Tela
321 229 440 262 neque
458 217 609 252 adverso
627 219 816 262 glomerati
834 230 879 252 ex
897 218 1039 262 agmine
1059 218 1171 261 Graii,

218 270 256 303 N
258 282 330 304 unc
349 282 473 304 omnes
490 274 630 304 terrent
649 283 759 314 auree,
783 283 892 305 sonus
911 271 1048 304 excitat
1066 271 1183 304 omnis

220 322 453 367 Suspensum,
476 326 512 356 et
531 324 667 367 pariter
685 324 881 368 comitique
900 323 1072 367 onerique
1091 324 1294 358 timentem.

271 375 430 419 Jamque
449 377 736 420 propinquabam
755 377 880 420 portis,
903 388 1119 420 omnemque
1138 377 1289 410 videbar
1385 373 1424 397 ⁷³⁰

220 427 385 462 Evasisse
404 429 501 462 viam
522 442 529 469 3
558 429 680 462 subito
700 441 813 473 quum
833 429 954 462 creber
972 429 1018 462 ad
1038 441 1142 462 aures

220 480 331 514 Visus
350 481 474 515 adesse
492 481 628 525 pedum
648 482 788 515 sonitus
806 494 813 515 ε
841 481 1055 526 genitorque
1074 493 1138 525 per
1155 482 1323 515 umbram

221 533 467 577 Prospiciens:
491 534 561 567 “N
564 534 659 577 ate,''
671 534 863 576 exclamat,
883 535 1010 577 “fuge,
1028 537 1135 575 nate;
1155 534 1425 579 propinquant:

220 586 402 620 Ardentes
421 587 565 630 clypeos
584 589 694 630 atque
714 598 786 621 aera
803 587 975 620 micantia
994 587 1138 621 cerno.''

221 638 294 672 Hic
312 639 402 672 1111111
420 639 540 672 nescio
559 639 657 682 quod
676 638 819 682 trepido
838 639 932 672 male
951 651 1087 672 numen
1107 639 1263 673 amicum
1385 636 1427 661 735

222 691 417 725 Confusam
437 691 570 734 eripuit
589 694 750 724 mentem
768 703 774 724 ε
803 703 960 735 namque
980 691 1061 724 avia
1080 703 1187 725 cursu

220 743 319 777 Dum
339 755 480 787 sequor,
503 746 540 777 et
559 746 648 777 nota
667 743 801 776 excedo
820 744 964 787 regione
984 743 1139 787 viarum,

222 796 307 829 Heu
325 798 331 829 !
361 797 491 830 misero
510 797 646 840 conjux
665 797 788 830 fatone
809 798 935 840 erepta
955 796 1088 830 Creusa

221 848 407 892 Substitit,
429 849 610 882 erravitne
629 849 700 891 via,
723 860 786 882 seu
804 849 897 882 lassa
914 849 1061 892 resedit,

221 901 409 935 Incertum
429 914 436 936 z
464 913 530 935 nec
549 904 632 945 post
651 901 763 935 oculis
781 904 836 935 est
855 902 999 935 reddita
1017 902 1159 936 nostris.
1385 900 1427 924 ⁷⁴⁰

221 954 259 988 N
262 966 301 988 ec
318 955 418 999 prius
438 954 605 989 amissam
623 954 765 998 respexi
783 954 1019 998 animumque
1037 955 1173 997 reflexi,
1215 973 1218 977 ⁴

221 1007 338 1048 Quam
356 1007 542 1041 tumulum
561 1007 722 1051 antiquae
743 1007 881 1041 Cereris
900 1007 1094 1051 sedemque
1115 1010 1291 1041 sacratam

221 1060 399 1094 Venimus
416 1072 423 1094 :
451 1060 511 1094 1110
530 1060 677 1094 demum
697 1060 855 1093 collectis
874 1060 1042 1094 omnibus
1061 1072 1135 1094 una

221 1113 350 1147 Defuit
369 1116 406 1146 et
425 1113 572 1147 comites
591 1116 792 1157 natumque
811 1113 1002 1157 virumque
1021 1113 1160 1147 fefellit.

223 1166 339 1206 Quem
358 1177 432 1199 non
451 1166 613 1199 incusavi
632 1178 756 1199 amens
774 1166 1035 1209 hominumque
1056 1165 1312 1209 DeorumqueZ
1386 1163 1426 1187 ⁷⁴⁵

222 1220 301 1252 Aut
319 1219 408 1262 quid
427 1219 466 1252 in
485 1221 609 1252 eversa
627 1219 703 1252 vidi
721 1218 902 1252 crudelius
921 1219 1009 1251 urbe
1027 1218 1039 1251 2

221 1272 432 1314 Ascanium,
454 1271 721 1315 Anchisemque
740 1274 893 1315 patrem,
915 1271 1143 1315 Teucrosque
1163 1271 1319 1304 Penates

223 1324 445 1358 Commendo
465 1323 582 1367 sociis,
605 1326 642 1358 et
662 1326 773 1360 curva
792 1324 885 1357 valle
904 1324 1061 1357 recondo
1083 1337 1089 1358 :

223 1376 307 1421 Ipse
325 1377 452 1410 urbem
470 1380 608 1420 repeto,
631 1379 668 1410 et
688 1377 811 1420 cingor
829 1377 1054 1420 fulgentibus
1073 1376 1191 1410 armis.

224 1429 305 1463 Stat
325 1441 426 1463 casus
444 1440 617 1463 renovare
636 1440 772 1472 omnes,
795 1440 1010 1473 omnemque
1029 1429 1163 1462 reverti
1387 1426 1429 1450 ⁷⁵⁰

222 1482 294 1516 Per
311 1482 468 1526 Trojam,
491 1484 528 1515 et
546 1493 671 1515 rursus
690 1484 798 1526 caput
818 1482 998 1525 objectare
1018 1482 1171 1525 periclis.

276 1535 461 1579 Principio
479 1546 615 1578 muros,
638 1535 862 1578 obscuraque
880 1534 1008 1568 limina
1025 1537 1153 1578 portae,

223 1587 304 1629 Qua
322 1599 484 1632 gressum
503 1588 718 1630 extuleram,
740 1590 865 1631 repeto
882 1600 890 1628 ;
920 1589 956 1620 et
975 1587 1127 1631 vestigia
1145 1589 1242 1620 retro

223 1640 423 1674 Observata
441 1652 571 1685 sequor
589 1653 652 1684 per
669 1643 826 1683 noctem,
849 1642 885 1674 et
903 1640 1041 1673 lumine
1059 1640 1184 1673 lustro.

224 1692 366 1727 Horror
383 1693 520 1737 ubique
539 1694 691 1736 animos,
714 1693 823 1727 simul
841 1693 918 1736 ipsa
938 1693 1082 1726 silentia
1100 1694 1249 1726 terrent.
1389 1689 1429 1712 ⁷⁵⁵

224 1745 317 1779 Inde
337 1746 498 1789 domum,
521 1747 551 1779 si
570 1746 664 1779 forte
684 1746 824 1790 pedem,
849 1746 879 1779 si
897 1746 990 1779 forte
1004 1745 1161 1788 tulisset,

223 1798 288 1832 Me
305 1799 421 1832 refero
442 1811 448 1832 :
476 1798 656 1832 irruerant
674 1799 804 1840 Danai,
827 1801 863 1831 et
882 1800 1021 1831 tectum
1040 1809 1146 1830 omne
1165 1797 1352 1830 tenebant.

224 1851 330 1884 Ilicet
348 1851 441 1894 ignis
460 1851 553 1884 edax
572 1862 713 1884 summa
731 1851 778 1885 ad
796 1850 940 1893 fastigia
958 1852 1067 1883 vento

225 1903 398 1936 Volvitur
415 1916 423 1944 ;
453 1906 672 1947 exsuperant
691 1903 858 1945 flammae,
880 1902 970 1936 furit
991 1905 1101 1936 aestus
1121 1902 1168 1936 ad
1186 1912 1301 1936 auras.

224 1956 387 1989 Procedo
405 1956 452 1990 ad
471 1956 609 1989 Priami
627 1956 740 1998 sedes,
763 1967 953 1998 arcemque
972 1955 1101 1998 reviso,
1392 1951 1432 1975 ⁷⁶⁰

225 2008 274 2041 Et
288 2009 367 2052 jam
386 2008 585 2052 porticibus
604 2009 739 2051 vacuis,
761 2008 787 2041 J
790 2008 920 2041 unonis
939 2007 1051 2051 asylo,

225 2061 404 2094 Custodes
421 2061 508 2094 lecti
526 2061 686 2095 Phoenix
704 2064 741 2094 et
760 2061 860 2094 dirus
880 2060 1030 2104 Ulysses

224 2113 393 2147 Praedam
413 2115 646 2147 asservabant
665 2127 671 2148 :
699 2114 771 2147 huc
789 2113 952 2156 undique
973 2113 1078 2146 Troia
1095 2123 1184 2156 gaza

225 2166 387 2200 Incensis
406 2169 530 2210 erepta
548 2167 681 2210 adytis,
702 2177 909 2210 mensmque
928 2166 1100 2208 Deorum,

225 2218 461 2262 Crateresque
480 2230 568 2253 auro
587 2219 706 2262 solidi,
729 2218 944 2263 captivaque
963 2218 1086 2260 vestis,
1393 2213 1435 2239 7⁶⁵

226 2270 444 2315 Congeritur
464 2284 470 2305 :
499 2272 603 2317 pueri
622 2274 658 2306 et
677 2272 821 2319 pavidae
839 2271 947 2315 longo
967 2270 1094 2304 ordine
1113 2271 1247 2304 matres

226 2323 334 2357 Stant
353 2324 496 2358 circum.
