1559 2584
93 128 146 164 58

496 139 567 166 VIR
574 139 681 165 GILH
713 139 768 165 GE
774 139 946 166 oRGICA.

198 227 404 272 Lappaeque
424 228 623 272 tribulique
643 228 763 261 alsint
781 241 788 268 ;
817 228 902 271 fuge
922 227 1054 270 pabula
1072 227 1157 261 laeta
1173 241 1182 263 ε

200 281 456 324 Continuoque
476 293 599 325 greges
622 281 715 314 villis
735 281 813 324 lege
832 280 1002 314 mollibus
1020 280 1129 314 albos,

199 334 312 368 Illum
331 337 464 377 autem,
489 334 655 377 quamvis
674 333 766 367 aries
786 333 833 367 sit
852 333 1029 366 candidus
1047 334 1136 378 ipse,

198 387 315 431 Nigra
334 387 458 420 subest
477 387 550 420 udo
569 389 717 420 tantum
737 386 795 420 cui
813 386 938 430 lingua
955 386 1090 430 palato,

199 440 337 484 Rejice,
359 452 404 473 ne
423 440 574 473 maculis
593 440 750 473 infuscet
770 440 903 473 vellera
920 439 1030 483 pullis

200 493 238 526 N
241 494 429 527 ascentfim
449 506 457 534 ;
486 493 666 537 plenoque
686 493 799 526 alium
819 492 1051 536 circumspice
1068 504 1204 536 campo.

198 546 354 580 Munere
373 546 424 579 sic
441 546 549 579 niveo
568 546 674 589 lanae,
697 546 727 579 si
745 545 889 579 credere
907 545 1058 589 dignum
1078 549 1146 589 est,

197 598 278 633 Pan
297 600 398 633 Deus
416 599 583 632 Arcadiae
602 601 744 643 captam
763 602 812 641 te,
835 598 952 641 Luna,
974 599 1116 641 fefellit,

198 652 242 686 In
264 664 412 686 nemora
430 653 505 686 alta
523 664 656 686 vocans
674 665 680 686 :
709 664 776 686 nec
794 654 836 685 tu
855 654 1046 696 aspernata
1064 655 1265 687 vocantem.

197 706 250 739 At
269 706 328 739 cui
346 706 450 739 lactis
464 717 576 749 amor,
599 706 768 750 cytisum,
790 705 957 749 lotosque
976 705 1186 748 frequentes

198 758 282 803 Ipse
300 770 424 802 manu,
447 759 627 802 salsasque
647 759 740 792 ferat
759 759 979 802 praesepibus
998 758 1137 792 herbas.

198 811 298 846 Hinc
317 815 353 846 et
372 815 496 845 amant
515 812 644 846 fluvios
662 812 787 856 magis,
810 823 851 845 ac
869 812 983 855 magis
1001 812 1113 845 ubera
1131 812 1303 854 tendunt,

198 865 248 899 Et
267 865 350 899 salis
369 865 552 899 occultum
570 866 735 899 referunt
748 866 787 898 in
806 865 898 898 lacte
913 877 1087 908 saporem.

198 917 313 952 Multi
328 918 407 962 jam
426 921 588 952 excretos
608 918 802 962 prohibent
821 929 842 951 a
861 919 1039 951 matribus
1058 917 1195 962 haedos,

199 971 396 1015 Primaque
414 971 558 1005 ferratis
577 972 771 1015 praefigunt
791 983 852 1005 ora
871 972 1043 1015 capistris.

198 1024 306 1065 Quod
320 1027 490 1068 surgente
509 1025 568 1058 die
587 1025 742 1058 mulsere
761 1025 931 1068 horisque
952 1025 1106 1068 diurnis,

197 1077 318 1112 Nocte
337 1080 508 1122 premunt
526 1091 532 1112 :
562 1078 661 1121 quod
676 1078 754 1122 jam
773 1078 932 1111 tenebris
952 1080 988 1111 et
1007 1078 1080 1112 sole
1101 1077 1265 1121 cadente,

200 1131 276 1165 Sub
294 1131 414 1164 lucem
433 1134 628 1175 exportans
647 1131 797 1164 calathis
817 1131 894 1164 adit
914 1131 1046 1174 oppida
1063 1134 1188 1175 pastor
1206 1145 1214 1173 3

200 1184 280 1218 Aut
298 1195 405 1228 parco
425 1184 497 1218 sale
518 1185 747 1228 contingunt,
770 1184 954 1227 hiemique
972 1187 1164 1228 reponunt.

251 1237 289 1271 N
292 1249 332 1271 ec
349 1237 419 1271 tibi
438 1249 524 1270 cura
542 1249 674 1270 canum
692 1237 804 1270 fuerit
823 1240 1006 1280 postrema
1026 1250 1033 1270 :
1063 1238 1126 1270 sed.
1144 1249 1219 1271 una

197 1290 350 1324 Veloces
370 1290 509 1334 Spartae
528 1291 679 1333 catulos,
700 1302 892 1334 acremque
912 1290 1114 1323 Molossum

200 1344 313 1378 Pasce
333 1355 412 1377 sero
430 1343 558 1387 pingui
576 1357 582 1378 :
611 1355 800 1387 nunquam
820 1344 1031 1377 custodibus
1050 1344 1122 1377 illis

197 1395 433 1431 Nocturnum
452 1396 606 1430 stabulis
625 1397 756 1440 furem,
778 1397 1018 1440 incursusque
1037 1397 1220 1441 luporum,

199 1451 277 1484 Aut
296 1450 493 1494 impacatos
512 1461 533 1483 a
551 1452 654 1494 tergo
673 1450 834 1483 horrebis
854 1450 987 1484 Iberos.

199 1503 302 1548 Saepe
321 1503 432 1536 etiam
452 1514 558 1536 cursu
577 1503 725 1536 timidos
745 1503 898 1546 agitabis
917 1514 1069 1546 onagros
1086 1515 1095 1544 ς

197 1556 247 1591 Et
266 1557 416 1590 canibus
433 1556 606 1600 leporem,
628 1556 777 1590 canibus
796 1556 973 1589 venabere
993 1556 1117 1590 damas
1135 1569 1142 1591 :

197 1609 299 1654 Saepe
319 1609 519 1643 volutabris
538 1610 661 1653 pulsos
682 1609 924 1653 sylvestribus
949 1621 1055 1653 apros

197 1663 353 1698 Latratu
371 1662 535 1696 turbabis
554 1674 663 1706 agens
680 1676 687 1704 ;
715 1665 931 1706 montesque
949 1674 1013 1706 per
1032 1662 1125 1696 altos

197 1716 392 1761 Ingentem
412 1716 565 1750 clamore
585 1727 724 1759 premes
743 1716 790 1749 ad
809 1716 901 1749 retia
921 1727 1076 1750 cervum.

251 1770 358 1803 Disce
377 1772 414 1802 et
434 1769 622 1803 odoratam
641 1769 796 1802 stabulis
814 1769 1008 1802 accendere
1028 1769 1189 1813 cedrum,

199 1823 458 1866 Galbaneoque
478 1823 615 1866 agitare
633 1834 759 1866 graves
778 1822 904 1855 nidore
924 1822 1122 1865 chelydros.

199 1876 302 1920 Saepe
322 1876 388 1909 sub
407 1876 568 1909 immotis
586 1875 806 1919 praesepibus
821 1878 886 1909 aut
906 1876 1000 1909 mala
1019 1879 1121 1910 tactu

199 1928 338 1974 Vipera
357 1929 516 1972 delituit,
539 1929 744 1972 coelumque
765 1929 939 1962 exterrita
958 1929 1054 1972 sugit
1071 1943 1078 1970 3

200 1983 278 2017 Aut
297 1985 395 2016 tecto
416 1984 582 2016 assuetus
602 1982 748 2015 coluber
766 1982 956 2015 succedere
976 1985 1012 2015 et
1031 1982 1183 2025 umluoe,

200 2036 321 2070 Pestis
340 2035 467 2069 acerba
486 2036 597 2069 boum
615 2048 622 2077 3
651 2035 844 2078 pecorique
863 2047 1051 2079 aspergere
1070 2036 1182 2078 virus,

197 2089 308 2124 Fovit
326 2089 480 2122 humum
498 2101 504 2123 :
534 2100 619 2132 cape
638 2099 725 2121 saxa
743 2099 868 2131 manu,
891 2100 977 2132 cape
996 2089 1136 2131 robora,
1158 2092 1292 2132 pastor,

198 2142 474 2185 Tollentemque
493 2141 610 2175 minas
629 2144 667 2174 et
686 2141 790 2174 sibila
809 2141 901 2175 colla
920 2144 1123 2175 tumentem

196 2195 322 2240 Dejice
341 2208 347 2229 :
373 2195 523 2239 jamque
542 2195 632 2238 fuga
650 2194 822 2228 timidum
842 2197 951 2238 caput
969 2195 1114 2228 abdidit
1132 2195 1214 2241 alte:

199 2248 324 2290 Quum
342 2248 454 2282 medii
473 2260 589 2281 nexus
608 2250 854 2291 extremaeque
873 2248 1019 2291 agmina
1037 2248 1163 2282 caudae

200 2301 414 2344 Solvuntur,
436 2301 633 2344 tardosque
652 2300 765 2334 trahit
786 2301 887 2334 sinus
906 2301 1059 2334 ultimus
1079 2302 1190 2335 orbes.

199 2354 267 2389 Est
287 2355 398 2388 etiam
417 2354 478 2388 ille
497 2354 615 2387 malus
635 2354 797 2387 Calabris
815 2354 853 2387 in
873 2354 1024 2387 saltibus
1044 2355 1185 2398 anguis,

200 2407 380 2452 Squamea
399 2406 618 2441 convolvens
638 2406 782 2440 sublato
801 2409 944 2450 pectore
963 2410 1076 2451 terga,

1370 226 1410 246 38⁵

1371 490 1413 511 3¹3⁰

1371 756 1412 777 39⁵

1372 1022 1413 1042 4⁴⁰0

1373 1288 1414 1308 4⁴¹5

1376 1821 1416 1841 41⁵

1375 2083 1415 2102 42¹⁴]

1375 2349 1414 2369 ⁴25
