1528 2569
660 132 792 158 mni-:R
824 131 864 158 x.
1342 122 1417 157 185

210 218 309 253 Oaesa
329 230 457 253 manus
481 218 660 262 juvenum
680 219 788 262 faede,
811 219 1035 263 thalamique
1056 231 1118 253 cru
1131 218 1212 262 Δ11131)
1232 232 1240 260 ;

212 272 303 313 Quae
322 272 457 305 Clonus
476 271 672 315 Eurytides
692 272 809 305 multo
829 272 1019 306 caelaverat
1038 284 1126 305 auro
1146 284 1152 305 :

213 324 293 365 Quo
311 336 409 358 nunc
427 324 570 357 Turnus
590 327 675 358 ovat
694 325 807 368 spolio
826 325 1033 368 gaudetque
1052 325 1201 368 potitus.
1378 323 1418 341 ‘'¹¹''

215 376 346 411 Ntscia
364 388 466 410 mens
484 377 672 411 hominum
692 378 760 410 fati
779 378 957 421 sortisque
977 377 1124 420 futurze,

214 429 251 463 It
270 441 412 464 serva-re
432 429 593 473 niodum,
614 430 722 463 rebus
742 430 885 463 sublata
905 430 1071 463 secundis
1091 432 1097 463 1

213 482 335 516 Turno
353 485 498 526 tempus
517 482 597 525 erit,
619 494 750 526 magno
770 494 883 526 quum
903 483 1084 527 optaverit
1104 485 1269 526 emptum

213 535 399 569 Intactum
418 535 586 569 Pallanta
605 549 612 577 ;
641 538 678 569 et
698 547 812 579 quum
831 536 944 579 spolia
962 536 1032 569 ista
1052 536 1220 579 diemque

215 588 352 622 Oderit.
412 589 464 622 At
483 588 569 621 socii
587 589 703 622 multo
723 588 861 632 gemitu
879 588 1118 632 lacrymisque
1381 586 1421 603 ⁵⁰⁵¹

214 640 431 684 Impositum
451 644 553 675 scuto
572 642 734 674 referunt
754 641 923 675 Pallanta
940 642 1161 685 frequentes.

215 693 246 726 O
266 693 379 737 dolor,
402 696 512 738 atque
532 694 641 727 decus
660 706 832 738 inagnum
851 694 1012 727 rediture
1032 695 1173 738 parenti
1191 696 1197 728 2

214 745 307 780 Haec
325 749 362 779 te
381 747 497 790 prima
516 746 591 779 dies
611 747 705 780 bello
726 747 839 789 dedit²
861 746 939 780 haec
958 747 1084 780 eadem
1103 747 1223 780 aufert
1241 760 1248 787 ;

215 798 338 840 Quum
356 801 480 832 tamen
498 798 663 842 ingentes
682 799 906 833 Rutulorum
925 799 1060 842 linquis
1079 811 1236 834 acervos,

268 850 307 885 N
309 863 349 885 ec
372 851 450 896 jam
468 852 566 885 fama
585 852 671 885 mali
689 853 796 894 tanti,
821 853 883 885 sed
904 853 1034 886 certior
1052 855 1178 886 auctor
1386 852 1424 870 ⁵⁷⁰

214 904 376 938 Advolat
395 904 537 948 AEneae,
560 905 664 938 tenui
683 905 889 938 discrimine
908 905 974 938 leti

214 956 302 991 Esse
321 969 404 991 suos
421 971 429 999 ;
456 960 601 1003 tenipus
618 958 730 991 versis
749 969 954 991 succurrere
973 957 1130 1000 Teucris,

217 1009 389 1044 Proxima
407 1022 561 1055 quaeque
580 1011 686 1044 metit
705 1011 741 1054 gl
754 1011 836 1054 idio,
859 1011 1048 1054 latumque
1068 1023 1131 1054 per
1149 1022 1278 1054 agmen

217 1062 361 1096 Ardens
378 1063 533 1098 limitem
551 1065 625 1108 agit
644 1064 739 1097 ferro
758 1077 765 1105 3
793 1067 841 1107 te,
862 1064 994 1106 Turne,
1017 1064 1213 1107 superbum

219 1115 326 1149 Caede
345 1119 441 1149 nova
460 1128 634 1160 quaerens.
695 1116 829 1159 Pallas,
852 1117 1033 1159 Evander,
1056 1117 1092 1149 in
1113 1116 1199 1160 ipsis
1388 1114 1428 1133 ⁵¹⁵

218 1168 349 1202 Omnia
368 1172 454 1202 sunt
473 1170 586 1203 oculis
606 1183 613 1204 z
643 1181 789 1212 mensae,
813 1181 902 1213 quas
922 1169 1063 1202 advena
1081 1170 1215 1212 primas

219 1221 319 1255 Tunc
338 1222 441 1265 adiit,
464 1223 676 1266 dextraeque
696 1222 801 1256 datae.
862 1222 1035 1256 Sulmone
1055 1226 1192 1256 creatos

220 1273 386 1315 Quatuor
403 1275 462 1309 hic
485 1276 653 1320 juvenes,
675 1275 843 1318 totidem,
866 1287 957 1319 quos
976 1275 1107 1308 educat
1131 1275 1257 1318 Ufens,

218 1327 397 1362 Viventes
416 1329 511 1373 rapit
532 1343 539 1370 ;
567 1329 715 1362 inferias
734 1339 825 1372 quos
843 1329 1006 1361 immolet
1024 1328 1175 1371 umbris,

220 1381 447 1425 Captivoque
466 1382 544 1426 rogi
562 1382 759 1426 perfundat
779 1381 952 1424 sanguine
972 1381 1143 1414 flammas.
1389 1377 1430 1398 ⁵²⁰

221 1432 314 1467 Inde
334 1434 445 1478 Mago
465 1436 590 1479 procul
608 1435 787 1468 infensam
807 1434 1043 1467 contenderat
1062 1434 1203 1467 hastam
1225 1447 1232 1475 ;

223 1486 289 1520 Ille
308 1490 389 1521 astu
410 1488 520 1530 subit,
543 1491 581 1521 at
600 1487 840 1521 tremebunda
860 1487 1067 1530 supervolat
1086 1487 1191 1520 hasta
1209 1500 1217 1528 ;

219 1539 269 1573 Et
287 1551 406 1584 genua
425 1541 646 1584 amplectens
665 1541 798 1574 affatur
816 1540 904 1573 talia
923 1540 1075 1583 supplex
1095 1552 1101 1573 :

224 1594 250 1610 ‘⁶
266 1592 338 1626 Per
357 1594 492 1637 patrios
510 1605 646 1636 manes,
670 1597 706 1627 et
726 1605 806 1637 spes
825 1593 1005 1636 surg‹-ntis
1024 1593 1110 1635 Iuli,

221 1645 271 1679 Te
289 1657 426 1690 precor,
449 1647 542 1681 hanc
562 1647 720 1680 animam
739 1658 859 1679 serves
878 1649 1037 1689 natoque
1058 1646 1235 1689 patrique.
1393 1642 1433 1663 ⁵²⁵

222 1698 289 1731 Est
308 1698 437 1733 domus
457 1700 533 1733 alta
550 1713 558 1741 3
582 1700 708 1744 jacent
727 1699 873 1743 penitus
893 1699 1035 1732 defossa
1054 1699 1206 1741 talenta,

223 1751 352 1785 Caelati
371 1753 512 1796 argenti
529 1766 537 1794 ;
567 1755 653 1786 sunt
672 1752 751 1786 auri
769 1752 929 1796 pondera
948 1752 1037 1785 facti

223 1803 429 1848 Infectiqne
450 1806 540 1838 mihi
559 1819 565 1847 ;
594 1817 668 1839 non
687 1806 746 1838 hic
767 1805 917 1838 victoria
936 1805 1114 1838 Teucrfim

223 1856 394 1890 Vertitur
418 1871 425 1899 ;
455 1861 519 1892 ant
538 1858 659 1892 anima
678 1870 751 1891 una
769 1858 871 1891 dabit
891 1858 1098 1891 discrimina
1116 1856 1259 1891 tanta.''

224 1908 379 1943 Dixerat
397 1923 404 1951 3
434 1911 572 1944 AEnezis
591 1914 717 1944 contra
737 1910 796 1944 cui
812 1911 901 1944 talia
920 1910 1059 1944 reddit:
1396 1907 1437 1926 ⁵³⁰

228 1963 421 2006 “Argenti
440 1966 551 2008 atque
571 1964 651 1997 auri
669 1975 847 1997 memoras
867 1975 948 2007 quae
968 1963 1084 1996 multa
1103 1963 1254 2006 talenta,

224 2015 354 2049 Gnatis
373 2027 477 2059 parce
496 2017 570 2050 tuis
589 2029 595 2051 :
625 2016 711 2050 belli
730 2016 942 2049 commercia
961 2016 1105 2049 Turnus

225 2068 383 2102 Sustulit
402 2069 472 2103 ista
491 2069 599 2113 prior,
619 2069 696 2113 jam
714 2072 795 2102 tum
815 2069 982 2102 Pallente
1002 2071 1199 2112 perempto.

223 2120 306 2154 Hoc
324 2122 438 2165 patris
457 2122 627 2156 Anchisae
647 2133 783 2165 manes,
805 2122 874 2155 hoc
894 2121 1006 2154 sentit
1027 2121 1170 2155 Iulusff’

224 2173 282 2207 Sic
301 2174 411 2218 fatus,
432 2175 571 2219 galeam
583 2175 677 2209 heva
696 2178 810 2218 tenet,
833 2177 942 2218 atque
961 2174 1096 2207 reflexa
1397 2173 1438 2193 ⁶³⁶

225 2225 370 2260 Cervice
390 2229 527 2261 orantis
547 2229 674 2272 capulo
693 2230 801 2261 tenus
820 2227 978 2271 applicat
996 2239 1127 2260 ensem.

223 2278 304 2312 Nec
322 2281 447 2323 procul
467 2281 717 2324 Haemonides,
740 2280 874 2314 Phoebi
893 2280 1096 2323 Triviaeque
1115 2279 1293 2324 sacerdos,

223 2331 349 2366 Infula
368 2333 426 2367 eui
443 2336 545 2368 sacra
563 2333 757 2368 redimibat
775 2335 940 2377 tempora
958 2332 1064 2375 vitta,

225 2384 340 2419 Totus
359 2386 539 2420 collucens
559 2390 658 2421 veste
678 2389 789 2431 atque
809 2386 1010 2430 insignibus
1030 2385 1138 2419 armis
1159 2398 1167 2426 ;
