<?xml version="1.0" encoding="UTF-8"?>
<!DOCTYPE html PUBLIC "-//W3C//DTD XHTML 1.0 Transitional//EN"
    "http://www.w3.org/TR/xhtml1/DTD/xhtml1-transitional.dtd">
<html xmlns="http://www.w3.org/1999/xhtml" xml:lang="en" lang="en">
 <head>
  <title>
</title>
<meta http-equiv="Content-Type" content="text/html;charset=utf-8" />
  <meta name='ocr-system' content='tesseract 3.04.00' />
  <meta name='ocr-capabilities' content='ocr_page ocr_carea ocr_par ocr_line ocrx_word'/>
</head>
<body>
  <div class='ocr_page' id='page_1' title='image "./operavir00virguoft_0398.png"; bbox 0 0 1559 2584; ppageno 0'>
   <div class='ocr_carea' id='block_1_1' title="bbox 128 76 973 117">
    <p class='ocr_par' dir='ltr' id='par_1_1' title="bbox 128 76 973 117">
     <span class='ocr_line' id='line_1_1' title="bbox 128 76 973 117; baseline 0.004 -4"><span class='ocrx_word' id='word_1_1' title='bbox 128 76 209 113; x_wconf 75' lang='lat'>200</span> <span class='ocrx_word' id='word_1_2' title='bbox 603 89 789 116; x_wconf 64' lang='lat' dir='ltr'>vinculi</span> <span class='ocrx_word' id='word_1_3' title='bbox 819 89 973 117; x_wconf 76' lang='lat' dir='ltr'>AENE1s.</span> 
     </span>
    </p>
   </div>
   <div class='ocr_carea' id='block_1_2' title="bbox 228 175 1452 2389">
    <p class='ocr_par' dir='ltr' id='par_1_2' title="bbox 233 175 1452 273">
     <span class='ocr_line' id='line_1_2' title="bbox 235 175 1452 222; baseline 0.004 -14"><span class='ocrx_word' id='word_1_4' title='bbox 235 176 358 209; x_wconf 76' lang='lat' dir='ltr'>Multa</span> <span class='ocrx_word' id='word_1_5' title='bbox 377 176 496 209; x_wconf 71' lang='lat' dir='ltr'>virum</span> <span class='ocrx_word' id='word_1_6' title='bbox 516 178 622 209; x_wconf 85' lang='lat' dir='ltr'>terrae</span> <span class='ocrx_word' id='word_1_7' title='bbox 641 176 830 210; x_wconf 74' lang='lat' dir='ltr'>infodiunt</span> <span class='ocrx_word' id='word_1_8' title='bbox 850 190 858 218; x_wconf 94' lang='lat'>;</span> <span class='ocrx_word' id='word_1_9' title='bbox 886 179 1084 221; x_wconf 75' lang='lat' dir='ltr'>avectaque</span> <span class='ocrx_word' id='word_1_10' title='bbox 1103 178 1237 222; x_wconf 80' lang='lat' dir='ltr'>partim</span> <span class='ocrx_word' id='word_1_11' title='bbox 1409 175 1452 196; x_wconf 68' lang='lat'>²⁰³</span> 
     </span>
     <span class='ocr_line' id='line_1_3' title="bbox 233 228 1196 273; baseline 0.004 -12"><span class='ocrx_word' id='word_1_12' title='bbox 233 228 264 262; x_wconf 85' lang='lat' dir='ltr'><strong>F</strong></span> <span class='ocrx_word' id='word_1_13' title='bbox 266 228 429 261; x_wconf 81' lang='lat' dir='ltr'>initimos</span> <span class='ocrx_word' id='word_1_14' title='bbox 447 228 586 261; x_wconf 84' lang='lat' dir='ltr'>tollunt</span> <span class='ocrx_word' id='word_1_15' title='bbox 605 229 644 261; x_wconf 87' lang='lat' dir='ltr'>in</span> <span class='ocrx_word' id='word_1_16' title='bbox 663 240 780 272; x_wconf 64' lang='lat' dir='ltr'>agros,</span> <span class='ocrx_word' id='word_1_17' title='bbox 802 230 956 273; x_wconf 88' lang='lat' dir='ltr'>urbique</span> <span class='ocrx_word' id='word_1_18' title='bbox 975 230 1171 264; x_wconf 85' lang='lat' dir='ltr'>remittunt</span> <span class='ocrx_word' id='word_1_19' title='bbox 1190 243 1196 265; x_wconf 93' lang='lat'>:</span> 
     </span>
    </p>

    <p class='ocr_par' dir='ltr' id='par_1_3' title="bbox 234 281 1162 326">
     <span class='ocr_line' id='line_1_4' title="bbox 234 281 1162 326; baseline 0.002 -12"><span class='ocrx_word' id='word_1_20' title='bbox 234 281 374 324; x_wconf 83' lang='lat' dir='ltr'>Cetera,</span> <span class='ocrx_word' id='word_1_21' title='bbox 398 281 631 324; x_wconf 56' lang='lat' dir='ltr'>confusaeque</span> <span class='ocrx_word' id='word_1_22' title='bbox 651 282 837 325; x_wconf 77' lang='lat' dir='ltr'>ingentem</span> <span class='ocrx_word' id='word_1_23' title='bbox 852 282 962 316; x_wconf 80' lang='lat' dir='ltr'>caedis</span> <span class='ocrx_word' id='word_1_24' title='bbox 981 295 1162 326; x_wconf 73' lang='lat' dir='ltr'>acelvum,</span> 
     </span>
    </p>

    <p class='ocr_par' dir='ltr' id='par_1_4' title="bbox 234 333 1379 432">
     <span class='ocr_line' id='line_1_5' title="bbox 234 333 1379 380; baseline 0.003 -14"><span class='ocrx_word' id='word_1_25' title='bbox 234 333 271 367; x_wconf 91' lang='lat' dir='ltr'>N</span> <span class='ocrx_word' id='word_1_26' title='bbox 275 345 314 367; x_wconf 88' lang='lat' dir='ltr'>ec</span> <span class='ocrx_word' id='word_1_27' title='bbox 334 345 486 367; x_wconf 86' lang='lat' dir='ltr'>numero</span> <span class='ocrx_word' id='word_1_28' title='bbox 505 345 572 367; x_wconf 90' lang='lat' dir='ltr'>nec</span> <span class='ocrx_word' id='word_1_29' title='bbox 591 334 728 367; x_wconf 77' lang='lat' dir='ltr'>honore</span> <span class='ocrx_word' id='word_1_30' title='bbox 747 338 918 369; x_wconf 83' lang='lat' dir='ltr'>cremant.</span> <span class='ocrx_word' id='word_1_31' title='bbox 981 335 1082 370; x_wconf 77' lang='lat' dir='ltr'>Tunc</span> <span class='ocrx_word' id='word_1_32' title='bbox 1100 336 1192 370; x_wconf 85' lang='lat' dir='ltr'>undi</span> <span class='ocrx_word' id='word_1_33' title='bbox 1205 348 1264 380; x_wconf 48' lang='lat' dir='ltr'>,ue</span> <span class='ocrx_word' id='word_1_34' title='bbox 1283 335 1379 370; x_wconf 78' lang='lat' dir='ltr'>vasti</span> 
     </span>
     <span class='ocr_line' id='line_1_6' title="bbox 234 386 1030 432; baseline 0.003 -12"><span class='ocrx_word' id='word_1_35' title='bbox 234 386 358 420; x_wconf 81' lang='lat' dir='ltr'>Certat</span> <span class='ocrx_word' id='word_1_36' title='bbox 374 397 410 419; x_wconf 88' lang='lat' dir='ltr'>m</span> <span class='ocrx_word' id='word_1_37' title='bbox 430 386 562 419; x_wconf 80' lang='lat' dir='ltr'>crebris</span> <span class='ocrx_word' id='word_1_38' title='bbox 582 387 762 420; x_wconf 53' lang='lat' dir='ltr'>collucent</span> <span class='ocrx_word' id='word_1_39' title='bbox 781 388 926 431; x_wconf 81' lang='lat' dir='ltr'>ignibus</span> <span class='ocrx_word' id='word_1_40' title='bbox 944 388 1030 432; x_wconf 83' lang='lat' dir='ltr'>agri.</span> 
     </span>
    </p>

    <p class='ocr_par' dir='ltr' id='par_1_5' title="bbox 232 438 1158 528">
     <span class='ocr_line' id='line_1_7' title="bbox 232 438 1158 484; baseline 0.004 -13"><span class='ocrx_word' id='word_1_41' title='bbox 232 439 354 472; x_wconf 81' lang='lat' dir='ltr'>Tertia</span> <span class='ocrx_word' id='word_1_42' title='bbox 373 439 439 472; x_wconf 80' lang='lat' dir='ltr'>lux</span> <span class='ocrx_word' id='word_1_43' title='bbox 457 438 613 482; x_wconf 78' lang='lat' dir='ltr'>gelidam</span> <span class='ocrx_word' id='word_1_44' title='bbox 633 440 724 473; x_wconf 88' lang='lat' dir='ltr'>coelo</span> <span class='ocrx_word' id='word_1_45' title='bbox 744 440 947 474; x_wconf 86' lang='lat' dir='ltr'>dimoverat</span> <span class='ocrx_word' id='word_1_46' title='bbox 965 441 1132 475; x_wconf 83' lang='lat' dir='ltr'>umbram</span> <span class='ocrx_word' id='word_1_47' title='bbox 1148 455 1158 484; x_wconf 80' lang='lat'>3</span> 
     </span>
     <span class='ocr_line' id='line_1_8' title="bbox 233 491 1148 528; baseline 0.004 -4"><span class='ocrx_word' id='word_1_48' title='bbox 233 491 435 525; x_wconf 86' lang='lat' dir='ltr'>Moerentes</span> <span class='ocrx_word' id='word_1_49' title='bbox 454 492 571 525; x_wconf 70' lang='lat' dir='ltr'>altum</span> <span class='ocrx_word' id='word_1_50' title='bbox 591 492 747 526; x_wconf 87' lang='lat' dir='ltr'>cinerem</span> <span class='ocrx_word' id='word_1_51' title='bbox 768 495 804 526; x_wconf 80' lang='lat' dir='ltr'>et</span> <span class='ocrx_word' id='word_1_52' title='bbox 824 494 973 527; x_wconf 84' lang='lat' dir='ltr'>confusa</span> <span class='ocrx_word' id='word_1_53' title='bbox 990 494 1148 528; x_wconf 59' lang='lat' dir='ltr'>ruebant</span> 
     </span>
    </p>

    <p class='ocr_par' dir='ltr' id='par_1_6' title="bbox 235 544 1170 590">
     <span class='ocr_line' id='line_1_9' title="bbox 235 544 1170 590; baseline 0.003 -13"><span class='ocrx_word' id='word_1_54' title='bbox 235 544 325 578; x_wconf 82' lang='lat' dir='ltr'>Ossa</span> <span class='ocrx_word' id='word_1_55' title='bbox 343 544 445 586; x_wconf 86' lang='lat' dir='ltr'>focis,</span> <span class='ocrx_word' id='word_1_56' title='bbox 467 545 664 588; x_wconf 86' lang='lat' dir='ltr'>tepidoque</span> <span class='ocrx_word' id='word_1_57' title='bbox 684 545 884 579; x_wconf 73' lang='lat' dir='ltr'>onerabant</span> <span class='ocrx_word' id='word_1_58' title='bbox 903 558 1031 590; x_wconf 78' lang='lat' dir='ltr'>aggere</span> <span class='ocrx_word' id='word_1_59' title='bbox 1051 549 1170 581; x_wconf 80' lang='lat' dir='ltr'>terrae.</span> 
     </span>
    </p>

    <p class='ocr_par' dir='ltr' id='par_1_7' title="bbox 231 597 1286 1222">
     <span class='ocr_line' id='line_1_10' title="bbox 285 597 1136 642; baseline 0.004 -12"><span class='ocrx_word' id='word_1_60' title='bbox 285 597 312 630; x_wconf 87' lang='lat' dir='ltr'><strong>J</strong></span> <span class='ocrx_word' id='word_1_61' title='bbox 313 608 372 630; x_wconf 87' lang='lat' dir='ltr'>am</span> <span class='ocrx_word' id='word_1_62' title='bbox 392 608 477 630; x_wconf 91' lang='lat' dir='ltr'>vero</span> <span class='ocrx_word' id='word_1_63' title='bbox 496 597 534 630; x_wconf 84' lang='lat' dir='ltr'>in</span> <span class='ocrx_word' id='word_1_64' title='bbox 554 597 662 631; x_wconf 85' lang='lat' dir='ltr'>tectis</span> <span class='ocrx_word' id='word_1_65' title='bbox 681 598 884 642; x_wconf 62' lang='lat' dir='ltr'>praedivitis</span> <span class='ocrx_word' id='word_1_66' title='bbox 903 599 992 632; x_wconf 77' lang='lat' dir='ltr'>urbe</span> <span class='ocrx_word' id='word_1_67' title='bbox 1013 599 1136 633; x_wconf 88' lang='lat' dir='ltr'>Latini</span> 
     </span>
     <span class='ocr_line' id='line_1_11' title="bbox 234 649 1213 695; baseline 0.004 -13"><span class='ocrx_word' id='word_1_68' title='bbox 234 649 447 693; x_wconf 69' lang='lat' dir='ltr'>Praecipuus</span> <span class='ocrx_word' id='word_1_69' title='bbox 466 650 598 694; x_wconf 65' lang='lat' dir='ltr'>fragor,</span> <span class='ocrx_word' id='word_1_70' title='bbox 621 653 658 684; x_wconf 86' lang='lat' dir='ltr'>et</span> <span class='ocrx_word' id='word_1_71' title='bbox 677 651 783 694; x_wconf 86' lang='lat' dir='ltr'>longe</span> <span class='ocrx_word' id='word_1_72' title='bbox 802 663 884 695; x_wconf 75' lang='lat' dir='ltr'>pars</span> <span class='ocrx_word' id='word_1_73' title='bbox 904 652 1063 685; x_wconf 72' lang='lat' dir='ltr'>maxima</span> <span class='ocrx_word' id='word_1_74' title='bbox 1081 652 1213 687; x_wconf 60' lang='lat' dir='ltr'>luctas.</span> 
     </span>
     <span class='ocr_line' id='line_1_12' title="bbox 233 703 1200 747; baseline 0.002 -11"><span class='ocrx_word' id='word_1_75' title='bbox 233 703 306 736; x_wconf 90' lang='lat' dir='ltr'>Hic</span> <span class='ocrx_word' id='word_1_76' title='bbox 326 705 458 736; x_wconf 85' lang='lat' dir='ltr'>matres</span> <span class='ocrx_word' id='word_1_77' title='bbox 476 703 689 747; x_wconf 81' lang='lat' dir='ltr'>miseraeque</span> <span class='ocrx_word' id='word_1_78' title='bbox 708 715 835 746; x_wconf 81' lang='lat' dir='ltr'>nurus,</span> <span class='ocrx_word' id='word_1_79' title='bbox 858 704 916 738; x_wconf 91' lang='lat' dir='ltr'>hic</span> <span class='ocrx_word' id='word_1_80' title='bbox 935 716 1017 738; x_wconf 60' lang='lat' dir='ltr'>cara</span> <span class='ocrx_word' id='word_1_81' title='bbox 1035 716 1200 739; x_wconf 85' lang='lat' dir='ltr'>sororum</span> 
     </span>
     <span class='ocr_line' id='line_1_13' title="bbox 233 755 1179 802; baseline 0.003 -14"><span class='ocrx_word' id='word_1_82' title='bbox 233 755 388 789; x_wconf 84' lang='lat' dir='ltr'>Pectora</span> <span class='ocrx_word' id='word_1_83' title='bbox 406 757 640 799; x_wconf 68' lang='lat' dir='ltr'>moerentum,</span> <span class='ocrx_word' id='word_1_84' title='bbox 663 757 838 801; x_wconf 71' lang='lat' dir='ltr'>puerique</span> <span class='ocrx_word' id='word_1_85' title='bbox 858 758 1069 801; x_wconf 57' lang='lat' dir='ltr'>parentibus</span> <span class='ocrx_word' id='word_1_86' title='bbox 1089 758 1179 802; x_wconf 84' lang='lat' dir='ltr'>orbi,</span> 
     </span>
     <span class='ocr_line' id='line_1_14' title="bbox 232 808 1254 854; baseline 0.002 -12"><span class='ocrx_word' id='word_1_87' title='bbox 232 808 365 842; x_wconf 89' lang='lat' dir='ltr'>Dirum</span> <span class='ocrx_word' id='word_1_88' title='bbox 384 811 618 842; x_wconf 72' lang='lat' dir='ltr'>exsecrantur</span> <span class='ocrx_word' id='word_1_89' title='bbox 636 809 786 852; x_wconf 84' lang='lat' dir='ltr'>bellum,</span> <span class='ocrx_word' id='word_1_90' title='bbox 810 810 996 854; x_wconf 51' lang='lat' dir='ltr'>Turnique¹</span> <span class='ocrx_word' id='word_1_91' title='bbox 1015 810 1226 854; x_wconf 85' lang='lat' dir='ltr'>hymenaeos</span> <span class='ocrx_word' id='word_1_92' title='bbox 1245 824 1254 853; x_wconf 89' lang='lat'>;</span> 
     </span>
     <span class='ocr_line' id='line_1_15' title="bbox 233 861 1218 906; baseline 0.002 -11"><span class='ocrx_word' id='word_1_93' title='bbox 233 861 362 905; x_wconf 89' lang='lat' dir='ltr'>Ipsum</span> <span class='ocrx_word' id='word_1_94' title='bbox 381 862 502 904; x_wconf 85' lang='lat' dir='ltr'>armis,</span> <span class='ocrx_word' id='word_1_95' title='bbox 525 861 718 906; x_wconf 84' lang='lat' dir='ltr'>ipsumque</span> <span class='ocrx_word' id='word_1_96' title='bbox 733 862 869 906; x_wconf 87' lang='lat' dir='ltr'>jubent</span> <span class='ocrx_word' id='word_1_97' title='bbox 888 863 1079 896; x_wconf 83' lang='lat' dir='ltr'>decernere</span> <span class='ocrx_word' id='word_1_98' title='bbox 1098 864 1192 897; x_wconf 86' lang='lat' dir='ltr'>ferro</span> <span class='ocrx_word' id='word_1_99' title='bbox 1210 877 1218 905; x_wconf 93' lang='lat'>;</span> 
     </span>
     <span class='ocr_line' id='line_1_16' title="bbox 234 914 1240 959; baseline 0.003 -12"><span class='ocrx_word' id='word_1_100' title='bbox 234 914 306 955; x_wconf 83' lang='lat' dir='ltr'>Qui</span> <span class='ocrx_word' id='word_1_101' title='bbox 324 926 478 958; x_wconf 84' lang='lat' dir='ltr'>regnum</span> <span class='ocrx_word' id='word_1_102' title='bbox 498 914 617 948; x_wconf 76' lang='lat' dir='ltr'>Italiae</span> <span class='ocrx_word' id='word_1_103' title='bbox 637 918 674 948; x_wconf 76' lang='lat' dir='ltr'>et</span> <span class='ocrx_word' id='word_1_104' title='bbox 693 916 827 958; x_wconf 84' lang='lat' dir='ltr'>primos</span> <span class='ocrx_word' id='word_1_105' title='bbox 847 916 915 949; x_wconf 85' lang='lat' dir='ltr'>sibi</span> <span class='ocrx_word' id='word_1_106' title='bbox 934 919 1058 959; x_wconf 85' lang='lat' dir='ltr'>poscat</span> <span class='ocrx_word' id='word_1_107' title='bbox 1076 916 1240 950; x_wconf 75' lang='lat' dir='ltr'>honores,</span> 
     </span>
     <span class='ocr_line' id='line_1_17' title="bbox 232 967 1185 1012; baseline 0.002 -12"><span class='ocrx_word' id='word_1_108' title='bbox 232 967 408 1010; x_wconf 76' lang='lat' dir='ltr'>Ingravat</span> <span class='ocrx_word' id='word_1_109' title='bbox 426 967 504 1000; x_wconf 71' lang='lat' dir='ltr'>haec</span> <span class='ocrx_word' id='word_1_110' title='bbox 523 979 641 1001; x_wconf 76' lang='lat' dir='ltr'>saevus</span> <span class='ocrx_word' id='word_1_111' title='bbox 661 968 831 1010; x_wconf 80' lang='lat' dir='ltr'>Drances,</span> <span class='ocrx_word' id='word_1_112' title='bbox 855 969 1045 1012; x_wconf 85' lang='lat' dir='ltr'>solumque</span> <span class='ocrx_word' id='word_1_113' title='bbox 1064 969 1185 1002; x_wconf 84' lang='lat' dir='ltr'>vocari</span> 
     </span>
     <span class='ocr_line' id='line_1_18' title="bbox 231 1019 1144 1063; baseline 0.002 -10"><span class='ocrx_word' id='word_1_114' title='bbox 231 1019 415 1062; x_wconf 73' lang='lat' dir='ltr'>Testatur,</span> <span class='ocrx_word' id='word_1_115' title='bbox 439 1020 557 1053; x_wconf 88' lang='lat' dir='ltr'>solum</span> <span class='ocrx_word' id='word_1_116' title='bbox 576 1020 674 1063; x_wconf 76' lang='lat' dir='ltr'>posci</span> <span class='ocrx_word' id='word_1_117' title='bbox 693 1021 731 1053; x_wconf 89' lang='lat' dir='ltr'>in</span> <span class='ocrx_word' id='word_1_118' title='bbox 751 1021 951 1054; x_wconf 77' lang='lat' dir='ltr'>certamina</span> <span class='ocrx_word' id='word_1_119' title='bbox 971 1021 1144 1055; x_wconf 81' lang='lat' dir='ltr'>Turnum.</span> 
     </span>
     <span class='ocr_line' id='line_1_19' title="bbox 233 1072 1087 1107; baseline 0.001 -1"><span class='ocrx_word' id='word_1_120' title='bbox 233 1072 357 1106; x_wconf 82' lang='lat' dir='ltr'>Multa</span> <span class='ocrx_word' id='word_1_121' title='bbox 377 1073 486 1106; x_wconf 87' lang='lat' dir='ltr'>simul</span> <span class='ocrx_word' id='word_1_122' title='bbox 505 1075 631 1106; x_wconf 84' lang='lat' dir='ltr'>contra</span> <span class='ocrx_word' id='word_1_123' title='bbox 651 1073 759 1106; x_wconf 78' lang='lat' dir='ltr'>valiis</span> <span class='ocrx_word' id='word_1_124' title='bbox 778 1074 961 1106; x_wconf 77' lang='lat' dir='ltr'>sententia</span> <span class='ocrx_word' id='word_1_125' title='bbox 980 1073 1087 1107; x_wconf 88' lang='lat' dir='ltr'>dictis</span> 
     </span>
     <span class='ocr_line' id='line_1_20' title="bbox 232 1125 1286 1169; baseline 0.002 -11"><span class='ocrx_word' id='word_1_126' title='bbox 232 1125 306 1159; x_wconf 88' lang='lat' dir='ltr'>Pro</span> <span class='ocrx_word' id='word_1_127' title='bbox 326 1125 450 1158; x_wconf 84' lang='lat' dir='ltr'>Turno</span> <span class='ocrx_word' id='word_1_128' title='bbox 470 1138 478 1166; x_wconf 94' lang='lat'>;</span> <span class='ocrx_word' id='word_1_129' title='bbox 507 1127 545 1158; x_wconf 89' lang='lat' dir='ltr'>et</span> <span class='ocrx_word' id='word_1_130' title='bbox 563 1137 737 1169; x_wconf 80' lang='lat' dir='ltr'>magnum</span> <span class='ocrx_word' id='word_1_131' title='bbox 756 1127 892 1169; x_wconf 64' lang='lat' dir='ltr'>regitae</span> <span class='ocrx_word' id='word_1_132' title='bbox 910 1138 1044 1160; x_wconf 81' lang='lat' dir='ltr'>nomen</span> <span class='ocrx_word' id='word_1_133' title='bbox 1064 1126 1257 1160; x_wconf 84' lang='lat' dir='ltr'>obumbrat</span> <span class='ocrx_word' id='word_1_134' title='bbox 1276 1139 1286 1168; x_wconf 80' lang='lat'>3</span> 
     </span>
     <span class='ocr_line' id='line_1_21' title="bbox 233 1178 1151 1222; baseline 0.001 -10"><span class='ocrx_word' id='word_1_135' title='bbox 233 1178 359 1212; x_wconf 78' lang='lat' dir='ltr'>Multa</span> <span class='ocrx_word' id='word_1_136' title='bbox 378 1178 498 1211; x_wconf 89' lang='lat' dir='ltr'>virum</span> <span class='ocrx_word' id='word_1_137' title='bbox 518 1178 658 1211; x_wconf 80' lang='lat' dir='ltr'>meritis</span> <span class='ocrx_word' id='word_1_138' title='bbox 678 1181 860 1212; x_wconf 88' lang='lat' dir='ltr'>sustentat</span> <span class='ocrx_word' id='word_1_139' title='bbox 879 1179 976 1212; x_wconf 79' lang='lat' dir='ltr'>fama</span> <span class='ocrx_word' id='word_1_140' title='bbox 994 1179 1151 1222; x_wconf 72' lang='lat' dir='ltr'>tropaeis.</span> 
     </span>
    </p>

    <p class='ocr_par' dir='ltr' id='par_1_8' title="bbox 231 1231 1337 1595">
     <span class='ocr_line' id='line_1_22' title="bbox 233 1231 1177 1276; baseline 0.002 -12"><span class='ocrx_word' id='word_1_141' title='bbox 233 1231 314 1264; x_wconf 87' lang='lat' dir='ltr'>Hos</span> <span class='ocrx_word' id='word_1_142' title='bbox 333 1231 430 1264; x_wconf 88' lang='lat' dir='ltr'>inter</span> <span class='ocrx_word' id='word_1_143' title='bbox 449 1234 584 1274; x_wconf 74' lang='lat' dir='ltr'>motus,</span> <span class='ocrx_word' id='word_1_144' title='bbox 607 1231 727 1265; x_wconf 86' lang='lat' dir='ltr'>medio</span> <span class='ocrx_word' id='word_1_145' title='bbox 747 1232 785 1264; x_wconf 91' lang='lat' dir='ltr'>in</span> <span class='ocrx_word' id='word_1_146' title='bbox 805 1232 981 1276; x_wconf 74' lang='lat' dir='ltr'>flagrante</span> <span class='ocrx_word' id='word_1_147' title='bbox 1000 1233 1177 1276; x_wconf 75' lang='lat' dir='ltr'>tumultu,</span> 
     </span>
     <span class='ocr_line' id='line_1_23' title="bbox 231 1284 1126 1328; baseline 0.001 -11"><span class='ocrx_word' id='word_1_148' title='bbox 231 1284 325 1318; x_wconf 87' lang='lat' dir='ltr'>Ecce</span> <span class='ocrx_word' id='word_1_149' title='bbox 345 1295 453 1327; x_wconf 88' lang='lat' dir='ltr'>super</span> <span class='ocrx_word' id='word_1_150' title='bbox 471 1284 595 1318; x_wconf 70' lang='lat' dir='ltr'>moesti</span> <span class='ocrx_word' id='word_1_151' title='bbox 614 1286 747 1328; x_wconf 73' lang='lat' dir='ltr'>magna</span> <span class='ocrx_word' id='word_1_152' title='bbox 767 1284 954 1318; x_wconf 87' lang='lat' dir='ltr'>Diomedis</span> <span class='ocrx_word' id='word_1_153' title='bbox 973 1285 1018 1318; x_wconf 78' lang='lat' dir='ltr'>ab</span> <span class='ocrx_word' id='word_1_154' title='bbox 1037 1285 1126 1319; x_wconf 87' lang='lat' dir='ltr'>urbe</span> 
     </span>
     <span class='ocr_line' id='line_1_24' title="bbox 233 1337 1181 1381; baseline 0.002 -11"><span class='ocrx_word' id='word_1_155' title='bbox 233 1337 363 1381; x_wconf 77' lang='lat' dir='ltr'>Legati</span> <span class='ocrx_word' id='word_1_156' title='bbox 382 1348 555 1381; x_wconf 86' lang='lat' dir='ltr'>responsa</span> <span class='ocrx_word' id='word_1_157' title='bbox 574 1337 700 1371; x_wconf 84' lang='lat' dir='ltr'>ferunt</span> <span class='ocrx_word' id='word_1_158' title='bbox 721 1350 727 1372; x_wconf 93' lang='lat'>:</span> <span class='ocrx_word' id='word_1_159' title='bbox 756 1337 849 1371; x_wconf 81' lang='lat' dir='ltr'>nihil</span> <span class='ocrx_word' id='word_1_160' title='bbox 868 1338 1038 1372; x_wconf 82' lang='lat' dir='ltr'>omnibus</span> <span class='ocrx_word' id='word_1_161' title='bbox 1057 1341 1181 1372; x_wconf 84' lang='lat' dir='ltr'>actum</span> 
     </span>
     <span class='ocr_line' id='line_1_25' title="bbox 233 1390 1337 1436; baseline 0.001 -12"><span class='ocrx_word' id='word_1_162' title='bbox 233 1391 437 1424; x_wconf 84' lang='lat' dir='ltr'>Tantorum</span> <span class='ocrx_word' id='word_1_163' title='bbox 457 1390 630 1436; x_wconf 84' lang='lat' dir='ltr'>impensis</span> <span class='ocrx_word' id='word_1_164' title='bbox 649 1402 800 1436; x_wconf 81' lang='lat' dir='ltr'>operum</span> <span class='ocrx_word' id='word_1_165' title='bbox 818 1404 826 1434; x_wconf 84' lang='lat'>3</span> <span class='ocrx_word' id='word_1_166' title='bbox 854 1391 907 1425; x_wconf 90' lang='lat' dir='ltr'>nil</span> <span class='ocrx_word' id='word_1_167' title='bbox 927 1391 1035 1435; x_wconf 82' lang='lat' dir='ltr'>dona,</span> <span class='ocrx_word' id='word_1_168' title='bbox 1056 1403 1176 1435; x_wconf 89' lang='lat' dir='ltr'>neque</span> <span class='ocrx_word' id='word_1_169' title='bbox 1195 1403 1337 1435; x_wconf 82' lang='lat' dir='ltr'>aurum,</span> 
     </span>
     <span class='ocr_line' id='line_1_26' title="bbox 231 1443 1208 1489; baseline -0.002 -10"><span class='ocrx_word' id='word_1_170' title='bbox 231 1443 271 1479; x_wconf 89' lang='lat' dir='ltr'>N</span> <span class='ocrx_word' id='word_1_171' title='bbox 274 1456 313 1479; x_wconf 86' lang='lat' dir='ltr'>ee</span> <span class='ocrx_word' id='word_1_172' title='bbox 332 1456 482 1489; x_wconf 81' lang='lat' dir='ltr'>magnas</span> <span class='ocrx_word' id='word_1_173' title='bbox 501 1446 657 1479; x_wconf 82' lang='lat' dir='ltr'>valuisse</span> <span class='ocrx_word' id='word_1_174' title='bbox 676 1457 799 1489; x_wconf 86' lang='lat' dir='ltr'>preces</span> <span class='ocrx_word' id='word_1_175' title='bbox 819 1459 828 1487; x_wconf 79' lang='lat'>3</span> <span class='ocrx_word' id='word_1_176' title='bbox 857 1445 928 1479; x_wconf 82' lang='lat' dir='ltr'>alia</span> <span class='ocrx_word' id='word_1_177' title='bbox 947 1457 1047 1479; x_wconf 81' lang='lat' dir='ltr'>arma</span> <span class='ocrx_word' id='word_1_178' title='bbox 1067 1444 1208 1479; x_wconf 77' lang='lat' dir='ltr'>Latinis</span> 
     </span>
     <span class='ocr_line' id='line_1_27' title="bbox 233 1497 1250 1543; baseline -0.001 -12"><span class='ocrx_word' id='word_1_179' title='bbox 233 1497 449 1541; x_wconf 61' lang='lat' dir='ltr'>Quaerenda,</span> <span class='ocrx_word' id='word_1_180' title='bbox 473 1501 538 1532; x_wconf 86' lang='lat' dir='ltr'>aut</span> <span class='ocrx_word' id='word_1_181' title='bbox 557 1509 681 1542; x_wconf 83' lang='lat' dir='ltr'>pacem</span> <span class='ocrx_word' id='word_1_182' title='bbox 701 1498 857 1542; x_wconf 56' lang='lat' dir='ltr'>Trojano</span> <span class='ocrx_word' id='word_1_183' title='bbox 877 1498 923 1532; x_wconf 83' lang='lat' dir='ltr'>ab</span> <span class='ocrx_word' id='word_1_184' title='bbox 942 1510 1023 1543; x_wconf 81' lang='lat' dir='ltr'>iege</span> <span class='ocrx_word' id='word_1_185' title='bbox 1042 1497 1250 1543; x_wconf 73' lang='lat' dir='ltr'>petendam,</span> 
     </span>
     <span class='ocr_line' id='line_1_28' title="bbox 232 1550 1024 1595; baseline 0.001 -11"><span class='ocrx_word' id='word_1_186' title='bbox 232 1550 366 1584; x_wconf 85' lang='lat' dir='ltr'>Deficit</span> <span class='ocrx_word' id='word_1_187' title='bbox 385 1550 527 1594; x_wconf 73' lang='lat' dir='ltr'>ingenti</span> <span class='ocrx_word' id='word_1_188' title='bbox 546 1551 649 1585; x_wconf 90' lang='lat' dir='ltr'>luctu</span> <span class='ocrx_word' id='word_1_189' title='bbox 667 1563 732 1584; x_wconf 83' lang='lat' dir='ltr'>rex</span> <span class='ocrx_word' id='word_1_190' title='bbox 750 1551 826 1595; x_wconf 73' lang='lat' dir='ltr'>ipse</span> <span class='ocrx_word' id='word_1_191' title='bbox 846 1551 1000 1585; x_wconf 81' lang='lat' dir='ltr'>Latinus</span> <span class='ocrx_word' id='word_1_192' title='bbox 1017 1563 1024 1585; x_wconf 89' lang='lat'>:</span> 
     </span>
    </p>

    <p class='ocr_par' dir='ltr' id='par_1_9' title="bbox 230 1603 1250 1806">
     <span class='ocr_line' id='line_1_29' title="bbox 230 1603 1052 1638; baseline -0.001 0"><span class='ocrx_word' id='word_1_193' title='bbox 230 1603 397 1638; x_wconf 75' lang='lat' dir='ltr'>Fatalem</span> <span class='ocrx_word' id='word_1_194' title='bbox 417 1603 564 1637; x_wconf 84' lang='lat' dir='ltr'>AEnean</span> <span class='ocrx_word' id='word_1_195' title='bbox 582 1603 777 1638; x_wconf 85' lang='lat' dir='ltr'>manifesto</span> <span class='ocrx_word' id='word_1_196' title='bbox 797 1604 947 1638; x_wconf 80' lang='lat' dir='ltr'>numine</span> <span class='ocrx_word' id='word_1_197' title='bbox 967 1603 1052 1637; x_wconf 79' lang='lat' dir='ltr'>ferri</span> 
     </span>
     <span class='ocr_line' id='line_1_30' title="bbox 231 1656 1250 1700; baseline 0.001 -10"><span class='ocrx_word' id='word_1_198' title='bbox 231 1656 418 1690; x_wconf 87' lang='lat' dir='ltr'>Admonet</span> <span class='ocrx_word' id='word_1_199' title='bbox 438 1657 491 1690; x_wconf 83' lang='lat' dir='ltr'>ira</span> <span class='ocrx_word' id='word_1_200' title='bbox 510 1656 643 1699; x_wconf 70' lang='lat' dir='ltr'>Deum,</span> <span class='ocrx_word' id='word_1_201' title='bbox 666 1657 874 1700; x_wconf 80' lang='lat' dir='ltr'>tumulique</span> <span class='ocrx_word' id='word_1_202' title='bbox 894 1659 980 1690; x_wconf 86' lang='lat' dir='ltr'>ante</span> <span class='ocrx_word' id='word_1_203' title='bbox 999 1667 1062 1690; x_wconf 89' lang='lat' dir='ltr'>ora</span> <span class='ocrx_word' id='word_1_204' title='bbox 1079 1658 1250 1691; x_wconf 77' lang='lat' dir='ltr'>recentes.</span> 
     </span>
     <span class='ocr_line' id='line_1_31' title="bbox 231 1708 1153 1757; baseline 0 -14"><span class='ocrx_word' id='word_1_205' title='bbox 231 1708 328 1753; x_wconf 86' lang='lat' dir='ltr'>Ergo</span> <span class='ocrx_word' id='word_1_206' title='bbox 347 1709 542 1743; x_wconf 88' lang='lat' dir='ltr'>concilium</span> <span class='ocrx_word' id='word_1_207' title='bbox 563 1721 748 1753; x_wconf 79' lang='lat' dir='ltr'>magnum,</span> <span class='ocrx_word' id='word_1_208' title='bbox 772 1710 983 1757; x_wconf 74' lang='lat' dir='ltr'>primosque</span> <span class='ocrx_word' id='word_1_209' title='bbox 1003 1720 1153 1743; x_wconf 89' lang='lat' dir='ltr'>suorum</span> 
     </span>
     <span class='ocr_line' id='line_1_32' title="bbox 232 1761 1044 1806; baseline 0.001 -11"><span class='ocrx_word' id='word_1_210' title='bbox 232 1761 391 1806; x_wconf 75' lang='lat' dir='ltr'>Impeiio</span> <span class='ocrx_word' id='word_1_211' title='bbox 411 1763 558 1806; x_wconf 87' lang='lat' dir='ltr'>accitos,</span> <span class='ocrx_word' id='word_1_212' title='bbox 581 1763 656 1796; x_wconf 83' lang='lat' dir='ltr'>alta</span> <span class='ocrx_word' id='word_1_213' title='bbox 675 1763 774 1796; x_wconf 79' lang='lat' dir='ltr'>intra</span> <span class='ocrx_word' id='word_1_214' title='bbox 793 1762 920 1796; x_wconf 88' lang='lat' dir='ltr'>limina</span> <span class='ocrx_word' id='word_1_215' title='bbox 939 1763 1044 1806; x_wconf 81' lang='lat' dir='ltr'>cogit.</span> 
     </span>
    </p>

    <p class='ocr_par' dir='ltr' id='par_1_10' title="bbox 232 1815 1074 1859">
     <span class='ocr_line' id='line_1_33' title="bbox 232 1815 1074 1859; baseline -0.001 -10"><span class='ocrx_word' id='word_1_216' title='bbox 232 1815 306 1849; x_wconf 85' lang='lat' dir='ltr'>Olli</span> <span class='ocrx_word' id='word_1_217' title='bbox 324 1816 538 1858; x_wconf 78' lang='lat' dir='ltr'>convenere,</span> <span class='ocrx_word' id='word_1_218' title='bbox 562 1816 756 1859; x_wconf 81' lang='lat' dir='ltr'>fluuntque</span> <span class='ocrx_word' id='word_1_219' title='bbox 775 1815 822 1849; x_wconf 84' lang='lat' dir='ltr'>ad</span> <span class='ocrx_word' id='word_1_220' title='bbox 841 1816 938 1859; x_wconf 71' lang='lat' dir='ltr'>‘regia</span> <span class='ocrx_word' id='word_1_221' title='bbox 959 1816 1074 1858; x_wconf 57' lang='lat' dir='ltr'>plenis</span> 
     </span>
    </p>

    <p class='ocr_par' dir='ltr' id='par_1_11' title="bbox 231 1868 1165 1912">
     <span class='ocr_line' id='line_1_34' title="bbox 231 1868 1165 1912; baseline 0 -10"><span class='ocrx_word' id='word_1_222' title='bbox 231 1868 341 1902; x_wconf 81' lang='lat' dir='ltr'>Tecta</span> <span class='ocrx_word' id='word_1_223' title='bbox 361 1868 429 1902; x_wconf 89' lang='lat' dir='ltr'>viis</span> <span class='ocrx_word' id='word_1_224' title='bbox 450 1881 456 1902; x_wconf 91' lang='lat'>:</span> <span class='ocrx_word' id='word_1_225' title='bbox 487 1869 589 1902; x_wconf 82' lang='lat' dir='ltr'>sedet</span> <span class='ocrx_word' id='word_1_226' title='bbox 609 1869 647 1902; x_wconf 89' lang='lat' dir='ltr'>in</span> <span class='ocrx_word' id='word_1_227' title='bbox 667 1868 795 1902; x_wconf 87' lang='lat' dir='ltr'>mediis</span> <span class='ocrx_word' id='word_1_228' title='bbox 816 1871 853 1902; x_wconf 90' lang='lat' dir='ltr'>et</span> <span class='ocrx_word' id='word_1_229' title='bbox 872 1869 1054 1902; x_wconf 78' lang='lat' dir='ltr'>maximus</span> <span class='ocrx_word' id='word_1_230' title='bbox 1073 1880 1165 1912; x_wconf 85' lang='lat' dir='ltr'>aevo,</span> 
     </span>
    </p>

    <p class='ocr_par' dir='ltr' id='par_1_12' title="bbox 230 1920 1210 2018">
     <span class='ocr_line' id='line_1_35' title="bbox 230 1920 1210 1965; baseline 0.002 -11"><span class='ocrx_word' id='word_1_231' title='bbox 230 1920 280 1954; x_wconf 86' lang='lat' dir='ltr'>Et</span> <span class='ocrx_word' id='word_1_232' title='bbox 299 1922 438 1965; x_wconf 86' lang='lat' dir='ltr'>primus</span> <span class='ocrx_word' id='word_1_233' title='bbox 459 1922 622 1965; x_wconf 82' lang='lat' dir='ltr'>sceptris,</span> <span class='ocrx_word' id='word_1_234' title='bbox 646 1921 745 1955; x_wconf 84' lang='lat' dir='ltr'>haud</span> <span class='ocrx_word' id='word_1_235' title='bbox 766 1921 853 1955; x_wconf 72' lang='lat' dir='ltr'>laeta</span> <span class='ocrx_word' id='word_1_236' title='bbox 872 1921 1005 1964; x_wconf 84' lang='lat' dir='ltr'>fronte,</span> <span class='ocrx_word' id='word_1_237' title='bbox 1029 1922 1182 1955; x_wconf 79' lang='lat' dir='ltr'>Latinus</span> <span class='ocrx_word' id='word_1_238' title='bbox 1197 1931 1210 1958; x_wconf 70' lang='lat'><em>3</em></span> 
     </span>
     <span class='ocr_line' id='line_1_36' title="bbox 230 1974 1114 2018; baseline 0.001 -11"><span class='ocrx_word' id='word_1_239' title='bbox 230 1976 283 2008; x_wconf 91' lang='lat' dir='ltr'>At</span> <span class='ocrx_word' id='word_1_240' title='bbox 298 1986 356 2017; x_wconf 46' lang='lat' dir='ltr'>[ue</span> <span class='ocrx_word' id='word_1_241' title='bbox 376 1974 434 2008; x_wconf 88' lang='lat' dir='ltr'>hic</span> <span class='ocrx_word' id='word_1_242' title='bbox 453 1974 592 2018; x_wconf 69' lang='lat' dir='ltr'>legatos</span> <span class='ocrx_word' id='word_1_243' title='bbox 614 1974 742 2008; x_wconf 55' lang='lat' dir='ltr'>zEtola</span> <span class='ocrx_word' id='word_1_244' title='bbox 762 1986 806 2008; x_wconf 85' lang='lat' dir='ltr'>ex</span> <span class='ocrx_word' id='word_1_245' title='bbox 825 1974 915 2008; x_wconf 82' lang='lat' dir='ltr'>urbe</span> <span class='ocrx_word' id='word_1_246' title='bbox 934 1975 1114 2018; x_wconf 61' lang='lat' dir='ltr'>remissos,</span> 
     </span>
    </p>

    <p class='ocr_par' dir='ltr' id='par_1_13' title="bbox 231 2026 1237 2176">
     <span class='ocr_line' id='line_1_37' title="bbox 231 2026 1192 2071; baseline -0.002 -10"><span class='ocrx_word' id='word_1_247' title='bbox 231 2026 322 2068; x_wconf 83' lang='lat' dir='ltr'>Quae</span> <span class='ocrx_word' id='word_1_248' title='bbox 342 2028 516 2070; x_wconf 83' lang='lat' dir='ltr'>referant,</span> <span class='ocrx_word' id='word_1_249' title='bbox 539 2027 608 2061; x_wconf 82' lang='lat' dir='ltr'>fari</span> <span class='ocrx_word' id='word_1_250' title='bbox 623 2027 732 2071; x_wconf 84' lang='lat' dir='ltr'>jubet</span> <span class='ocrx_word' id='word_1_251' title='bbox 753 2040 762 2069; x_wconf 90' lang='lat'>;</span> <span class='ocrx_word' id='word_1_252' title='bbox 779 2030 827 2061; x_wconf 91' lang='lat' dir='ltr'>.et</span> <span class='ocrx_word' id='word_1_253' title='bbox 846 2039 1019 2071; x_wconf 84' lang='lat' dir='ltr'>responsa</span> <span class='ocrx_word' id='word_1_254' title='bbox 1037 2026 1192 2071; x_wconf 87' lang='lat' dir='ltr'>reposcit</span> 
     </span>
     <span class='ocr_line' id='line_1_38' title="bbox 231 2079 1237 2125; baseline 0 -12"><span class='ocrx_word' id='word_1_255' title='bbox 231 2080 369 2114; x_wconf 87' lang='lat' dir='ltr'>Ordine</span> <span class='ocrx_word' id='word_1_256' title='bbox 389 2084 522 2125; x_wconf 80' lang='lat' dir='ltr'>cuncta</span> <span class='ocrx_word' id='word_1_257' title='bbox 542 2092 617 2114; x_wconf 86' lang='lat' dir='ltr'>suo.</span> <span class='ocrx_word' id='word_1_258' title='bbox 681 2080 775 2113; x_wconf 88' lang='lat' dir='ltr'>Tum</span> <span class='ocrx_word' id='word_1_259' title='bbox 794 2081 892 2114; x_wconf 74' lang='lat' dir='ltr'>facta</span> <span class='ocrx_word' id='word_1_260' title='bbox 911 2080 1056 2114; x_wconf 84' lang='lat' dir='ltr'>silentia</span> <span class='ocrx_word' id='word_1_261' title='bbox 1075 2079 1210 2124; x_wconf 84' lang='lat' dir='ltr'>linguis</span> <span class='ocrx_word' id='word_1_262' title='bbox 1227 2091 1237 2121; x_wconf 73' lang='grc' dir='ltr'><strong><em>ς</em></strong></span> 
     </span>
     <span class='ocr_line' id='line_1_39' title="bbox 231 2131 1100 2176; baseline 0.001 -10"><span class='ocrx_word' id='word_1_263' title='bbox 231 2131 281 2166; x_wconf 89' lang='lat' dir='ltr'>Et</span> <span class='ocrx_word' id='word_1_264' title='bbox 301 2133 481 2176; x_wconf 85' lang='lat' dir='ltr'>Venulus,</span> <span class='ocrx_word' id='word_1_265' title='bbox 504 2133 603 2167; x_wconf 87' lang='lat' dir='ltr'>dicto</span> <span class='ocrx_word' id='word_1_266' title='bbox 624 2144 766 2176; x_wconf 69' lang='lat' dir='ltr'>parem,</span> <span class='ocrx_word' id='word_1_267' title='bbox 790 2133 843 2166; x_wconf 89' lang='lat' dir='ltr'>ita</span> <span class='ocrx_word' id='word_1_268' title='bbox 862 2133 972 2167; x_wconf 74' lang='lat' dir='ltr'>farier</span> <span class='ocrx_word' id='word_1_269' title='bbox 990 2133 1072 2167; x_wconf 87' lang='lat' dir='ltr'>infit</span> <span class='ocrx_word' id='word_1_270' title='bbox 1093 2145 1100 2167; x_wconf 76' lang='grc' dir='ltr'>ε</span> 
     </span>
    </p>

    <p class='ocr_par' dir='ltr' id='par_1_14' title="bbox 228 2185 1266 2389">
     <span class='ocr_line' id='line_1_40' title="bbox 233 2185 1266 2230; baseline 0 -12"><span class='ocrx_word' id='word_1_271' title='bbox 233 2187 258 2204; x_wconf 88' lang='lat'><strong>“</strong></span> <span class='ocrx_word' id='word_1_272' title='bbox 274 2185 458 2229; x_wconf 84' lang='lat' dir='ltr'>Vidimus,</span> <span class='ocrx_word' id='word_1_273' title='bbox 482 2198 503 2219; x_wconf 88' lang='lat'>0</span> <span class='ocrx_word' id='word_1_274' title='bbox 524 2187 631 2229; x_wconf 84' lang='lat' dir='ltr'>cives,</span> <span class='ocrx_word' id='word_1_275' title='bbox 656 2186 874 2220; x_wconf 80' lang='lat' dir='ltr'>Diomedem</span> <span class='ocrx_word' id='word_1_276' title='bbox 896 2186 1103 2230; x_wconf 81' lang='lat' dir='ltr'>Argivaque</span> <span class='ocrx_word' id='word_1_277' title='bbox 1124 2187 1240 2219; x_wconf 82' lang='lat' dir='ltr'>castra</span> <span class='ocrx_word' id='word_1_278' title='bbox 1256 2197 1266 2227; x_wconf 91' lang='lat'>;</span> 
     </span>
     <span class='ocr_line' id='line_1_41' title="bbox 228 2239 1168 2283; baseline 0 -12"><span class='ocrx_word' id='word_1_279' title='bbox 228 2239 354 2282; x_wconf 87' lang='lat' dir='ltr'>Atque</span> <span class='ocrx_word' id='word_1_280' title='bbox 374 2239 444 2272; x_wconf 90' lang='lat' dir='ltr'>iter</span> <span class='ocrx_word' id='word_1_281' title='bbox 465 2239 603 2272; x_wconf 82' lang='lat' dir='ltr'>emensi</span> <span class='ocrx_word' id='word_1_282' title='bbox 623 2250 726 2273; x_wconf 84' lang='lat' dir='ltr'>casus</span> <span class='ocrx_word' id='word_1_283' title='bbox 746 2239 996 2283; x_wconf 80' lang='lat' dir='ltr'>superavimus</span> <span class='ocrx_word' id='word_1_284' title='bbox 1016 2249 1141 2272; x_wconf 67' lang='lat' dir='ltr'>omnes</span> <span class='ocrx_word' id='word_1_285' title='bbox 1161 2251 1168 2279; x_wconf 90' lang='lat'>;</span> 
     </span>
     <span class='ocr_line' id='line_1_42' title="bbox 231 2290 1219 2335; baseline 0.001 -11"><span class='ocrx_word' id='word_1_286' title='bbox 231 2290 533 2335; x_wconf 77' lang='lat' dir='ltr'>Contigimusque</span> <span class='ocrx_word' id='word_1_287' title='bbox 553 2303 718 2335; x_wconf 85' lang='lat' dir='ltr'>manum,</span> <span class='ocrx_word' id='word_1_288' title='bbox 741 2295 814 2335; x_wconf 67' lang='lat' dir='ltr'>qua</span> <span class='ocrx_word' id='word_1_289' title='bbox 833 2292 991 2325; x_wconf 82' lang='lat' dir='ltr'>concidit</span> <span class='ocrx_word' id='word_1_290' title='bbox 1011 2292 1081 2325; x_wconf 89' lang='lat' dir='ltr'>Ilia</span> <span class='ocrx_word' id='word_1_291' title='bbox 1098 2291 1219 2325; x_wconf 83' lang='lat' dir='ltr'>tellus.</span> 
     </span>
     <span class='ocr_line' id='line_1_43' title="bbox 230 2343 1237 2389; baseline -0.001 -11"><span class='ocrx_word' id='word_1_292' title='bbox 230 2343 298 2378; x_wconf 84' lang='lat' dir='ltr'>Ille</span> <span class='ocrx_word' id='word_1_293' title='bbox 316 2345 445 2378; x_wconf 82' lang='lat' dir='ltr'>urbem</span> <span class='ocrx_word' id='word_1_294' title='bbox 466 2345 698 2389; x_wconf 84' lang='lat' dir='ltr'>Argyripam,</span> <span class='ocrx_word' id='word_1_295' title='bbox 722 2344 851 2389; x_wconf 83' lang='lat' dir='ltr'>patriae</span> <span class='ocrx_word' id='word_1_296' title='bbox 872 2345 1086 2389; x_wconf 85' lang='lat' dir='ltr'>cognomine</span> <span class='ocrx_word' id='word_1_297' title='bbox 1104 2343 1237 2389; x_wconf 85' lang='lat' dir='ltr'>gentis,</span> 
     </span>
    </p>
   </div>
   <div class='ocr_carea' id='block_1_3' title="bbox 1410 437 1452 458">
    <p class='ocr_par' dir='ltr' id='par_1_15' title="bbox 1410 437 1452 458">
     <span class='ocr_line' id='line_1_44' title="bbox 1410 437 1452 458; baseline -0.024 0"><span class='ocrx_word' id='word_1_298' title='bbox 1410 437 1452 458; x_wconf 84' lang='lat'>210</span> 
     </span>
    </p>
   </div>
   <div class='ocr_carea' id='block_1_4' title="bbox 1411 701 1452 723">
    <p class='ocr_par' dir='ltr' id='par_1_16' title="bbox 1411 701 1452 723">
     <span class='ocr_line' id='line_1_45' title="bbox 1411 701 1452 723; baseline 0 0"><span class='ocrx_word' id='word_1_299' title='bbox 1411 701 1452 723; x_wconf 75' lang='lat'>21⁵</span> 
     </span>
    </p>
   </div>
   <div class='ocr_carea' id='block_1_5' title="bbox 1411 966 1454 987">
    <p class='ocr_par' dir='ltr' id='par_1_17' title="bbox 1411 966 1454 987">
     <span class='ocr_line' id='line_1_46' title="bbox 1411 966 1454 987; baseline 0.023 -1"><span class='ocrx_word' id='word_1_300' title='bbox 1411 966 1454 987; x_wconf 74' lang='lat'>220</span> 
     </span>
    </p>
   </div>
   <div class='ocr_carea' id='block_1_6' title="bbox 1413 1493 1455 1514">
    <p class='ocr_par' dir='ltr' id='par_1_18' title="bbox 1413 1493 1455 1514">
     <span class='ocr_line' id='line_1_47' title="bbox 1413 1493 1455 1514; baseline 0 0"><span class='ocrx_word' id='word_1_301' title='bbox 1413 1493 1455 1514; x_wconf 74' lang='lat'>230</span> 
     </span>
    </p>
   </div>
   <div class='ocr_carea' id='block_1_7' title="bbox 1413 2023 1456 2044">
    <p class='ocr_par' dir='ltr' id='par_1_19' title="bbox 1413 2023 1456 2044">
     <span class='ocr_line' id='line_1_48' title="bbox 1413 2023 1456 2044; baseline -0.047 -2"><span class='ocrx_word' id='word_1_302' title='bbox 1413 2023 1440 2044; x_wconf 73' lang='lat'>24</span> <span class='ocrx_word' id='word_1_303' title='bbox 1443 2024 1456 2041; x_wconf 78' lang='lat' dir='ltr'>U</span> 
     </span>
    </p>
   </div>
   <div class='ocr_carea' id='block_1_8' title="bbox 1413 2286 1455 2308">
    <p class='ocr_par' dir='ltr' id='par_1_20' title="bbox 1413 2286 1455 2308">
     <span class='ocr_line' id='line_1_49' title="bbox 1413 2286 1455 2308; baseline -0.048 0"><span class='ocrx_word' id='word_1_304' title='bbox 1413 2286 1455 2308; x_wconf 71' lang='lat'>245</span> 
     </span>
    </p>
   </div>
  </div>
 </body>
</html>
