1559 2584
153 79 176 117 l
191 79 235 118 ss
635 91 820 119 vann
849 92 1003 121 AENEIS.

259 179 494 214 Fulmineum
511 191 520 221 ;
549 177 664 213 donec
682 179 815 214 Rutuli
835 180 1024 215 clamantis
1042 180 1082 215 in
1100 192 1162 216 ore

260 230 434 267 Conui-*lit
453 231 617 276 adverso,
640 235 678 266 et
697 233 853 267 moriens
871 234 1031 268 animam
1049 235 1202 269 abstulit
1221 233 1328 271 hosti.

260 286 354 319 Tum
373 296 482 328 super
501 285 704 320 exanimem
724 297 800 320 sese
818 286 970 331 projecit
989 288 1147 322 amicum

260 338 468 380 Confossus,
491 337 706 381 placidaque
726 336 777 369 ibi
797 340 944 373 demum
963 343 1080 374 morte
1100 341 1250 385 quievst,
1431 338 1472 360 ⁴⁴⁵

259 390 457 425 Fortunati
475 390 581 424 ambo
601 391 608 424 1
639 390 669 424 si
688 389 777 434 quid
796 400 877 423 mea
896 391 1055 422 carmina
1073 396 1237 433 possunt,

260 444 377 478 Nulla
395 444 472 478 dies
490 455 655 487 unquam
674 442 826 476 memori
844 454 908 476 vos
927 442 1063 476 eximet
1082 453 1161 475 aevo
1181 454 1189 476 :

259 498 360 532 Dum
379 497 510 531 domus
528 497 659 530 AEneae
679 496 835 540 Capitoli
853 495 1040 529 immobile
1059 506 1190 529 saxum

259 551 422 593 Accolet,
445 550 712 594 imperiumque
731 552 835 593 pater
853 549 1041 583 Romanus
1060 548 1220 582 habebit.

313 602 485 637 Victores
502 603 628 648 praeda
647 603 781 636 Rutuli
799 602 995 646 spoliisque
1014 601 1136 645 potiti,

260 655 496 691 Yolscentem
516 656 725 690 exanimum
744 656 873 689 fientes
892 655 931 688 in
951 657 1069 689 castra
1087 654 1262 688 ferebant.

261 710 342 744 Nec
359 710 479 744 minor
497 710 536 743 in
555 709 682 744 castris
701 709 835 751 luctus,
858 708 1066 742 Rhamnete
1084 710 1229 752 reperto

260 764 461 808 Exsangui,
484 765 521 797 et
539 763 665 807 primis
683 765 758 796 una
776 764 832 796 tot
852 762 949 796 caede
967 761 1151 805 peremtis,

261 817 501 861 Sarranoque,
524 817 731 860 Numaque.
792 815 927 859 Ingens
946 826 1141 849 concursus
1159 814 1205 848 ad
1224 813 1302 858 ipsa

262 871 433 914 Corpora,
456 870 724 913 seminecesque
743 869 851 912 viros,
873 868 1071 912 tepidaque
1090 870 1273 901 recentem

263 923 370 957 Oaede
388 923 522 967 lecum,
545 925 582 956 et
600 923 726 967 plenos
746 922 932 966 spumanti
950 921 1125 965 sanguine
1143 920 1249 955 rivos.

262 977 478 1021 Agnoscunt
497 976 611 1020 spolia
629 976 726 1009 inter
745 987 794 1018 se,
816 975 1028 1019 galeamque
1047 974 1229 1007 nitentem

263 1030 437 1073 Messapi,
459 1032 496 1063 et
515 1029 632 1062 multo
650 1028 816 1072 phaleras
834 1028 966 1062 sudore
985 1030 1156 1071 receptas.

315 1083 365 1116 Et
379 1083 457 1126 jam
476 1082 593 1126 prima
611 1092 707 1115 novo
725 1081 916 1125 spargebat
933 1080 1071 1114 lumine
1089 1082 1205 1114 terras

265 1135 415 1169 Tithoni
435 1147 600 1169 croceum
619 1135 790 1194 linquens
809 1135 952 1167 Aurora
971 1133 1114 1167 cubile:

263 1189 302 1223 J
294 1201 352 1223 am
371 1189 445 1222 sole
462 1188 596 1232 infuso,
614 1188 693 1232 jam
711 1187 820 1221 rebus
838 1187 919 1221 luce
937 1186 1096 1229 retectis,

265 1242 438 1276 Turnus
429 1254 467 1275 in
486 1253 586 1276 arma
607 1241 712 1284 Viros,
735 1240 844 1274 armis
863 1239 1136 1274 circumdatus
1127 1250 1217 1284 ipse,

267 1295 457 1337 Suscitat;
487 1297 689 1338 aeratasque
709 1294 801 1328 acies
820 1293 859 1327 in
878 1293 1004 1337 praelia
1023 1292 1119 1337 cogit

266 1348 429 1393 Quisque
449 1360 545 1392 suas,
568 1348 748 1391 variisque
768 1349 905 1381 acuunt
923 1346 1131 1380 rumoribus
1150 1344 1230 1380 iras.

268 1402 366 1443 Quin
385 1402 464 1446 ipsa
483 1401 632 1436 arrectis
653 1401 749 1446 (visu
769 1399 972 1433 miserabile
989 1399 1012 1445 !)
1032 1399 1071 1432 in
1091 1398 1206 1432 hastis

264 1455 469 1500 Praefigunt
488 1455 619 1499 capita,
641 1457 678 1488 et
697 1454 815 1488 multo
835 1453 989 1487 clamore
1008 1454 1225 1497 sequuntur,

266 1508 418 1553 Euryali
437 1511 475 1542 et
494 1507 586 1542 Nisi.

266 1562 445 1596 AEneadae
465 1561 548 1595 duri
566 1572 753 1594 murorum
771 1560 810 1593 in
830 1561 932 1603 parte
952 1558 1099 1592 sinistra

267 1615 476 1660 Opposuere
495 1614 609 1648 aciem
630 1613 729 1658 (nam
749 1613 901 1646 dextera
920 1612 1078 1656 cingitur
1097 1611 1211 1656 amni)
1229 1623 1238 1653 ;

266 1668 513 1713 Ingentesque
532 1669 662 1701 tenent
681 1667 807 1709 foss-as,
829 1669 866 1699 et
885 1665 1050 1699 turribus
1069 1677 1101 1698 a,
1092 1665 1153 1698 tis

267 1721 375 1756 Stant
394 1721 535 1755 moesti:
565 1720 675 1754 simul
694 1731 756 1753 ora
774 1693 893 1753 vin‘im
912 1718 1064 1762 praefixa
1081 1717 1290 1762 movebant,

267 1775 369 1809 Nota
388 1775 496 1808 nimis
515 1773 667 1816 miseris,
689 1775 842 1816 atroque
862 1771 1014 1806 fluentia
1031 1771 1127 1805 tabo.

320 1827 468 1862 Interea
486 1827 657 1872 pavidam
676 1826 837 1859 volitans
856 1828 1018 1869 pennata
1036 1835 1100 1868 per
1119 1824 1250 1857 urbem

266 1881 412 1915 Nuntia
430 1882 528 1914 fama
546 1880 633 1923 ruit,
656 1879 857 1922 matrisque
876 1878 1048 1912 allabitur
1066 1888 1171 1911 aures

265 1935 438 1979 Euryali:
467 1936 505 1968 at
525 1933 668 1968 subitus
687 1933 827 1966 miserae
847 1932 943 1965 calor
961 1942 1042 1965 ossa
1059 1929 1208 1974 reliquit
1225 1942 1234 1971 ;

265 1987 419 2022 Excussi
437 1987 605 2021 manibus
623 1985 729 2029 radii,
750 1985 989 2029 revolutaque
1008 1994 1128 2028 pensa.

265 2041 399 2075 Evolat
418 2039 562 2084 infelix,
585 2042 634 2083 et,
656 2039 829 2072 foemineo
851 2038 1006 2081 ululatu,

266 2094 383 2128 Scissa
402 2106 555 2137 comam,
577 2104 700 2126 muros
719 2103 844 2126 amens
863 2094 975 2135 atque
994 2090 1139 2134 agmina
1158 2100 1266 2123 cursu

266 2147 392 2181 Prima
410 2147 523 2192 petit;
552 2158 626 2180 non
646 2145 709 2179 illa
728 2145 860 2188 virum,
884 2156 959 2177 non
978 2143 1041 2177 illa
1059 2143 1185 2187 pericli

266 2200 510 2244 Telorumque
529 2210 668 2233 memor
687 2212 696 2240 ;
725 2198 859 2232 coelum
879 2197 1012 2231 dehinc
1031 2196 1222 2241 questibus
1243 2195 1392 2239 implet:

268 2254 294 2272 “
308 2253 421 2287 Hunc
440 2265 507 2298 ego
527 2256 577 2296 te,
599 2251 771 2296 Euryale,
794 2250 927 2295 aspicio
946 2250 957 2284 2
985 2252 1088 2293 tune,
1110 2249 1174 2283 illa
1193 2253 1349 2283 senectae

264 2304 353 2340 Sera
370 2318 462 2340 meae
480 2306 636 2350 requies,
658 2304 812 2349 potuisti
830 2304 995 2347 linquere
1014 2303 1140 2346 solam,

266 2359 432 2395 Crudelis
449 2359 461 2394 2
488 2371 555 2394 nec
572 2361 611 2393 te
629 2358 697 2393 sub
716 2359 823 2392 tanta
841 2356 1001 2403 pericula
1019 2357 1170 2391 missum

1434 597 1476 618 ⁴5⁰

1436 864 1478 884 455

1437 1129 1481 1150 46⁰

1439 1394 1482 1416 46⁵

1440 1661 1484 1684 470

1441 1926 1484 1950 475

1440 2193 1483 2213 480
