1528 2569
666 75 798 103 LIBER
828 74 854 103 1.

215 165 251 199 N
255 176 301 200 on
321 164 450 199 obtusa
468 166 559 199 adeo
577 169 760 210 gestamus
778 169 925 210 pectora
944 165 1063 206 Poeni,

214 219 252 252 N
255 231 294 252 ec
311 221 387 252 tam
405 230 552 252 aversus
572 231 682 263 equos
701 219 809 263 Tyria
828 220 889 253 Sol
903 219 1027 263 jungit
1047 218 1092 252 ab
1110 217 1209 253 urbe.

215 272 286 306 Seu
305 283 368 304 vos
387 271 601 315 Hesperium
620 283 789 316 magnam
809 271 1051 316 Saturniaque
1071 283 1168 314 arva,

215 324 297 359 Sive
316 324 441 368 Erycis
460 326 549 358 fines
567 337 760 369 regemque
778 325 913 369 optatis
931 326 1100 367 Acesten,

215 377 364 411 Auxilio
382 380 483 410 tutos
501 378 684 411 dimittam
704 379 904 422 opibusque
919 378 1068 421 juvabo.

214 429 340 464 Vultis
359 433 396 464 et
414 430 470 464 his
489 442 630 464 mecum
649 431 785 474 pariter
803 431 987 464 considere
1005 429 1146 474 regnis?

215 482 352 517 Urbem
371 495 481 527 quam
499 485 621 517 statuo
640 487 760 518 vestra
778 487 833 517 est
850 496 859 525 3
887 483 1078 518 subducite
1096 494 1208 517 naves
1224 493 1234 517 ι

213 536 302 570 Tros
320 536 522 580 Tyriusque
541 537 630 569 mihi
650 537 750 570 nullo
770 536 975 570 discrimine
994 538 1129 580 agetur.

214 590 339 633 Atque
357 589 497 622 utinam
517 601 582 622 1·οΧ
599 589 688 632 ipse,
710 589 812 623 Noto
831 589 1036 632 compulsus
1055 588 1194 629 eodem,

214 642 354 675 Afl'oret
373 641 510 675 AEneas
527 644 532 675 1
562 642 743 685 Equidem
758 642 825 685 'per
842 641 966 674 littora
985 644 1100 674 certos

214 694 421 737 Dimittam,
444 697 481 727 et
500 693 624 739 Libyae
643 694 796 727 lustrare
815 696 976 727 extrema
990 693 1128 737 jubebo
1143 705 1153 734 ;

216 746 255 781 Si
273 747 404 791 quibus
422 747 559 790 ejectus
577 746 689 790 sylvis
707 749 772 780 aut
789 747 941 780 urbibus
960 746 1093 779 errat.’'

269 800 339 833 His
356 800 518 833 animum
537 799 666 833 arrecti
684 799 802 843 dictis,
824 802 861 833 et
880 798 985 833 fortis
1003 799 1172 841 Achates,

215 853 264 886 Et
283 856 387 897 pater
404 853 551 895 AEneas,
571 852 791 896 jamdudum
810 864 997 896 erumpere
1016 852 1151 885 nubem

216 906 406 940 Ardebant
422 919 430 947 ;
460 906 555 949 prior
573 905 718 939 AEnean
737 905 930 949 compellat
950 905 1107 938 Achates
1125 918 1131 938 :

220 961 245 977 “
260 959 358 993 Nate
377 959 469 1001 Dea,
491 970 573 1002 quae
592 970 690 992 nunc
709 959 830 992 animo
849 958 1031 992 sententia
1050 957 1192 1000 surgit?

217 1012 348 1046 Omnia
366 1015 449 1045 tuta
468 1012 580 1054 vides,
604 1012 764 1055 classem,
787 1012 973 1055 sociosque
992 1014 1154 1054 receptos
1172 1022 1178 1044 :

217 1065 323 1099 Unus
341 1065 455 1107 abest,
477 1065 596 1098 medio
615 1065 653 1097 in
672 1065 786 1098 fluctu
806 1076 915 1108 quem
934 1064 1092 1097 vidimus
1111 1063 1180 1107 ipsi

218 1118 473 1152 Submersum:
502 1118 609 1151 dictis
627 1118 848 1161 respondent
868 1120 985 1150 cetera
1003 1116 1167 1149 matris.”

218 1171 295 1205 Vix
313 1183 353 1205 ea
372 1171 470 1204 fatus
489 1173 576 1214 erat,
601 1182 715 1213 quum
734 1170 951 1204 circumfusa
968 1172 1116 1213 repente

219 1224 359 1259 Scindit
379 1236 415 1257 se
435 1224 559 1267 nubes,
584 1225 621 1256 et
639 1223 678 1256 in
697 1223 832 1257 aethera
849 1232 980 1267 purgat
999 1225 1175 1266 apertum.

218 1277 371 1311 Restitit
391 1277 539 1319 AEueas,
562 1277 729 1319 claraque
748 1277 786 1309 in
803 1277 883 1309 luce
902 1275 1045 1309 refulsit

220 1331 269 1364 Os
287 1331 528 1373 humerosque
547 1330 625 1363 Deo
645 1329 771 1362 similis
789 1340 795 1362 :
823 1340 981 1372 namque
1000 1328 1078 1372 ipsa
1097 1327 1262 1360 decoram

219 1383 410 1417 Caesariem
427 1385 514 1416 nato
533 1382 702 1426 genitrix,
724 1381 921 1424 lumenque
936 1381 1101 1425 juventae

218 1436 460 1480 Purpureum,
483 1438 520 1469 et
538 1436 641 1468 laetos
661 1435 773 1468 oculis
791 1435 932 1468 afflarat
950 1434 1105 1467 honores
1123 1445 1128 1466 :

220 1489 334 1530 Quale
352 1500 483 1522 manus
501 1488 644 1522 addunt
663 1488 761 1521 ebori
781 1488 902 1530 decus,
924 1490 988 1520 aut
1007 1486 1071 1520 ubi
1090 1487 1183 1519 flavo

219 1543 426 1586 Argentum
445 1542 621 1575 Pariusve
640 1541 732 1584 lapis
752 1540 996 1574 circumdatur
1015 1551 1111 1572 auro.

221 1595 313 1629 Tum
333 1595 381 1628 sic
400 1594 561 1638 reginam
579 1594 790 1638 alloquitur,
814 1593 1026 1636 cunctisque
1044 1594 1193 1636 repente

221 1648 445 1692 Improvisus
464 1647 515 1681 ait
532 1661 538 1682 :
572 1649 597 1666 “
611 1647 739 1681 Coram
759 1658 867 1690 quem
886 1646 1049 1690 quaeritis
1067 1645 1210 1686 adsum,

221 1701 347 1735 Troius
368 1701 516 1743 ABneas,
539 1700 683 1744 Libycis
702 1702 847 1743 ereptus
867 1700 912 1732 ab
930 1698 1040 1732 undis
1059 1710 1065 1732 :

222 1754 252 1788 Ο
272 1754 348 1788 sola
366 1754 534 1787 infandos
553 1753 669 1797 Trojae
688 1753 858 1786 miserata
875 1752 1014 1785 labores
1032 1753 1037 1785 !

223 1807 313 1848 Quae
333 1818 410 1850 n03‚
432 1807 603 1849 reliquias
622 1807 804 1848 Danaum,
827 1808 1006 1848 terraeque
1026 1803 1208 1847 marisque

223 1860 401 1894 Omnibus
420 1860 614 1893 exhaustos
629 1859 708 1903 jam
726 1859 879 1899 casibus,
903 1858 1066 1891 omnium
1085 1867 1227 1900 egenos,

223 1913 334 1956 Urbe,
357 1912 464 1946 domo
484 1912 616 1946 socias:
645 1914 764 1956 grates
782 1911 985 1955 persolvere
1004 1910 1132 1953 dignas

223 1966 310 2000 Non
330 1965 407 2009 opis
426 1968 481 1998 est
499 1968 646 2007 nostrae,
667 1964 764 1998 Dido
782 1976 789 1996 ε
818 1975 884 1997 1100
904 1963 1078 2007 quicquid
1097 1961 1234 2005 ubique
1254 1963 1308 1994 cst

223 2019 353 2053 Gentis
372 2018 578 2060 Dardaniae,
600 2029 773 2061 magnum
793 2028 874 2060 quae
894 2028 1016 2060 sparsa
1034 2027 1097 2059 per
1117 2015 1250 2048 orbem.

223 2073 271 2106 Di
290 2072 370 2114 tibi,
394 2072 423 2105 si
443 2083 516 2115 qua
534 2071 611 2115 pios
629 2072 834 2114 respectant
854 2069 1016 2111 numina,
1039 2068 1070 2101 si
1088 2066 1178 2111 quid

224 2125 389 2169 Usquam
403 2125 559 2169 justitiae
579 2126 634 2156 est
653 2126 690 2156 et
708 2135 810 2156 mens
829 2123 897 2156 sibi
915 2121 1055 2156 conscia
1072 2121 1175 2163 recti,

224 2178 382 2212 Praemia
399 2178 509 2221 (ligna
527 2178 654 2211 ferant.
718 2176 808 2217 Quae
826 2178 863 2209 te
882 2178 959 2209 tam
976 2175 1062 2208 lecta
1075 2173 1242 2207 tulerunt·

227 2231 392 2265 Saecula?
420 2231 485 2275 qui
502 2231 598 2263 tanti
616 2230 729 2263 talem
748 2229 903 2273 genuero
923 2230 1089 2273 parentes
1105 2227 1116 2260 2

227 2284 273 2317 In
292 2284 386 2317 freta
405 2284 493 2317 dum
513 2283 616 2317 fluvii
635 2285 793 2325 current,
816 2281 904 2315 dum
923 2280 1109 2315 montibus
1128 2278 1268 2313 umbrae

228 2336 455 2371 Lustrabunt
475 2347 649 2374 convexa,
672 2336 777 2378 polus
797 2335 885 2369 dum
906 2334 1023 2368 sidera
1041 2334 1163 2377 pascet
1181 2344 1189 2373 ;

1391 320 1431 344 570

1391 582 1432 605 07³

1392 847 1432 866 560

1392 1111 1433 1128 :⁷³65

1397 1376 1408 1393 {t
1412 1375 1436 1394 90

1398 1639 1439 1659 5¹35·

1402 1904 1442 1923 wo

1404 2168 1445 2187 ‹1⁰5›
