1528 2569
630 126 765 152 LIBER
795 125 859 151 ΙΙΙ.

179 213 260 247 Nec
279 225 401 247 vescas
420 214 570 247 salicum
588 214 747 257 frondes,
768 213 964 256 ulvamque
984 211 1183 255 palustrem
1202 225 1211 254 3

179 266 251 300 Sed
270 267 454 300 frumenta
472 278 584 300 manu
603 279 725 310 carpes
744 269 822 300 sata
839 279 846 300 :
874 277 941 299 nec
958 265 1028 298 tibi
1046 264 1159 308 foetae,

179 319 284 352 More
303 322 461 363 patrum,
484 320 591 354 nivea
609 320 814 363 implebunt
833 317 1039 352 mulctralia
1058 329 1176 351 vaccae
1196 330 1205 359 ;

180 372 248 406 Sed
270 375 351 406 tota
368 372 407 405 in
426 372 549 406 dulces
568 375 783 406 consument
802 372 913 405 ubera
931 374 1046 404 natos

234 425 298 458 Sin
317 425 363 459 ad
382 426 477 459 bella
496 426 610 469 magis
629 426 806 468 studium,
828 427 1039 467 turmasque
1058 423 1206 467 feroces,

179 478 258 512 Aut
278 478 420 522 Alphea
438 479 527 512 rotis
545 479 694 522 praelabi
713 478 864 511 fiumina
883 477 989 520 Pisae,

180 531 231 565 Et
250 531 277 565 J
279 532 355 565 ovis
374 532 413 565 in
432 532 513 565 luco
534 543 657 565 currus
677 532 812 575 agitare
832 530 996 564 volantes
1013 542 1021 571 ;

181 584 327 618 Primus
345 584 430 628 equi
448 585 549 618 labor
568 587 635 627 est,
657 585 796 618 animos
814 586 924 627 atque
944 594 1043 616 arma
1061 582 1184 616 videre

181 637 405 680 Bellantum,
427 638 610 680 lituosque
629 637 718 680 pati,
740 639 933 679 tractuque
953 638 1160 679 gementem

180 690 290 724 Ferre
309 693 439 733 rotam,
461 693 498 723 et
518 690 662 737 stabulo
681 690 812 723 fraenos
831 688 957 722 audire
976 691 1146 721 sonantes
1163 700 1171 722 z

180 743 274 776 Tum
292 743 405 786 magis
425 746 535 786 atque
554 743 668 786 magis
689 742 831 775 blandis
851 740 1008 785 gaudere
1027 740 1192 784 magistri

181 795 382 838 Laudibus,
405 798 442 829 et
460 796 597 840 plausae
617 796 778 829 sonitum
797 794 944 828 cervicis
963 805 1091 827 amare.

183 849 307 892 Atque
325 849 404 882 haeo
418 849 497 893 jam
515 849 631 892 primo
651 848 824 892 depulsus
843 847 888 880 ab
906 847 1017 880 ubere
1036 846 1162 879 matris

183 902 336 944 Audiat,
358 902 469 945 inque
488 902 605 935 vicem
624 901 687 935 det
705 901 876 934 mollibus
895 911 957 933 ora
976 899 1139 943 capistris

183 954 386 997 limandus,
411 955 594 998 etiamque
612 957 784 997 tremens,
807 954 917 987 etiam
936 953 1070 986 inscius
1089 952 1167 986 aevi„

184 1008 249 1051 At,
271 1008 387 1041 tribus
406 1008 554 1051 exactis,
576 1006 643 1041 ubi
661 1010 793 1051 quarta
811 1007 998 1040 accesserit
1017 1008 1135 1047 aestas,

186 1061 338 1105 Carpere
357 1073 443 1094 mox
461 1073 593 1105 gyrum
611 1061 773 1104 incipiat,
796 1059 1039 1103 gradibusque
1059 1071 1185 1092 sonare

186 1114 404 1158 Compositis
421 1128 429 1155 ;
458 1115 652 1158 sinuetque
671 1114 810 1147 alterna
830 1113 1016 1146 volumina
1035 1123 1182 1145 crurum
1201 1125 1210 1154 3

189 1167 317 1210 Sitque
335 1167 517 1201 laboranti
535 1166 662 1200 similis
684 1180 690 1201 z
718 1170 800 1200 tum
819 1166 982 1199 cursibus
1001 1177 1106 1199 auras

189 1220 379 1263 Provocet,
401 1232 441 1253 ac
460 1232 524 1264 per
543 1223 668 1264 aperta
687 1220 823 1262 volans,
847 1230 910 1252 ceu
931 1219 1021 1251 liber
1039 1217 1204 1262 habenis,

190 1273 367 1317 AEquora,
389 1274 452 1306 vix
471 1271 612 1307 summa
630 1272 780 1316 vestigia
798 1274 908 1315 ponat
928 1273 1048 1305 arena.

191 1326 315 1366 Qualis
334 1326 565 1369 hyperboreis
583 1326 731 1369 Aquilo,
753 1337 835 1358 cum
855 1325 988 1357 densus
1007 1324 1053 1357 ab
1073 1323 1144 1357 oris

190 1379 377 1422 Incubuit,
400 1379 629 1422 Scythiaeque
648 1378 784 1411 hiemes
803 1381 913 1421 atque
932 1377 1033 1410 arida
1052 1377 1174 1410 differt

190 1431 331 1465 Nubila
347 1445 355 1473 ;
383 1434 464 1465 tum
483 1434 619 1475 segetes
638 1431 721 1465 altae
741 1431 930 1474 campique
948 1433 1118 1463 natantes

190 1484 349 1518 Lenibus
367 1485 580 1518 horrescunt
598 1485 731 1527 flabris,
754 1495 977 1526 summaeque
996 1495 1163 1517 sonorem

191 1537 292 1572 Dant
311 1538 436 1582 sylvae,
458 1538 628 1581 longique
646 1539 778 1581 urgent
797 1537 843 1570 ad
862 1537 988 1570 littora
1006 1537 1139 1570 fluctus
1158 1549 1167 1578 3

193 1591 260 1625 Ille
279 1591 390 1634 volat,
413 1591 522 1624 simul
540 1603 626 1624 arva
644 1591 744 1634 fuga,
767 1590 876 1623 simul
895 1602 1042 1633 aequora
1061 1601 1216 1625 verrenS.

192 1643 266 1677 Hic
284 1644 342 1677 vel
361 1644 408 1677 ad
427 1644 506 1677 Elei
524 1647 639 1678 metas
659 1647 696 1677 et
714 1644 873 1676 maxima
892 1643 1008 1686 campi

193 1697 347 1730 Sudabit
367 1697 494 1740 spatia,
517 1699 553 1730 et
572 1708 716 1741 spumas
736 1699 818 1740 aget
837 1708 896 1729 ore
916 1699 1083 1729 cruentas
1100 1708 1109 1737 ;

192 1750 339 1794 Belgica
357 1750 415 1783 vel
433 1750 534 1783 molli
552 1751 681 1783 melius
699 1750 791 1783 feret
809 1749 934 1782 esseda
953 1749 1052 1782 collo.

193 1803 287 1836 Tum
306 1803 453 1836 demum
473 1806 590 1836 crassa
607 1814 781 1846 magnum
799 1802 976 1846 farragine
995 1813 1123 1845 corpus

195 1856 358 1889 Crescere
373 1856 451 1900 jam
470 1856 618 1889 domitis
638 1856 747 1889 sinito
766 1868 773 1890 :
802 1867 959 1899 namque
979 1858 1063 1888 ante
1083 1855 1307 1889 domandum

195 1909 367 1952 Ingentes
385 1909 517 1942 tollent
536 1910 674 1943 animos
692 1921 699 1950 ;
727 1909 920 1953 prensique
940 1909 1126 1952 negabunt

198 1961 359 1996 Verbera
376 1962 477 1995 lenta
495 1963 583 2006 pati,
606 1965 642 1995 et
662 1962 762 1995 duris
781 1973 904 2005 parere
924 1961 1067 2005 lupatis.

250 2015 320 2048 Sed
339 2027 413 2048 non
431 2015 507 2048 ulla
525 2015 638 2059 magis
655 2013 752 2048 vires
769 2015 950 2048 industria
969 2014 1100 2057 firmat,

199 2066 317 2108 Quam
336 2068 517 2101 Venerem
536 2071 573 2101 et
593 2068 677 2101 caeci
695 2068 862 2101 stimulos
880 2071 1041 2100 avertere
1061 2066 1192 2100 amoris
1208 2079 1218 2109 ;

201 2120 283 2154 Sive
301 2121 424 2164 boum,
447 2121 521 2154 sive
541 2123 595 2154 est
614 2121 673 2154 cui
690 2121 826 2164 gratior
844 2132 931 2154 usus
950 2132 1135 2163 equorum.

200 2174 324 2217 Atque
343 2174 424 2207 idco
443 2176 567 2207 tauros
585 2174 711 2218 procul
729 2176 840 2217 atque
858 2173 897 2206 in
917 2173 991 2206 sola
1010 2173 1170 2216 relegant

200 2226 351 2270 Pascua,
372 2235 454 2270 post
472 2230 634 2260 montem
653 2226 871 2270 oppositum,
893 2229 930 2259 et
949 2229 1051 2259 trans
1070 2226 1220 2259 flumina
1237 2226 1313 2259 lata
1329 2238 1338 2268 3

201 2280 279 2313 Aut
297 2280 397 2313 intus
416 2280 556 2313 clausos
574 2283 698 2313 satura
717 2279 763 2313 ad
785 2279 958 2323 praesepia
977 2282 1132 2313 servant.

201 2332 324 2376 Carpit
343 2333 440 2366 enim
458 2333 552 2366 vires
570 2333 759 2377 paulatim,
781 2333 927 2376 uritque
946 2332 1103 2365 videndo

200 2384 232 2419 F
234 2385 367 2419 oemina
386 2399 394 2428 ;
421 2397 487 2419 nec
506 2398 694 2419 nemorum
713 2385 853 2429 patitur
870 2385 1088 2429 meminisse,
1110 2396 1176 2419 nec
1194 2384 1324 2418 herbae.

1337 115 1390 152 53

1352 209 1392 232 175

1356 475 1395 495 180

1355 737 1395 757 186

1357 1002 1398 1024 120

1363 1269 1402 1290 195

1362 1801 1404 1821 200

1366 2064 1410 2085 2¹10

1368 2328 1410 2348 21⁵
