1528 2569
599 122 786 149 VIRGILH
815 121 941 150 onus.
1377 116 1428 153 99

219 210 293 244 Hic
311 210 414 244 velut
431 210 472 244 in
488 210 608 254 niveo,
630 213 735 245 tener
753 214 808 245 est
828 223 910 245 cum
929 211 1111 255 primitus,
1134 223 1204 247 ovo

219 264 365 308 Effigies
383 264 578 297 animantis
597 267 634 297 et
652 264 859 298 internodia
878 265 1050 298 membris
1390 264 1431 284 ‘¹³³

219 316 437 360 Imperfecta
455 328 550 350 novo
569 317 717 350 fluitant
737 320 903 351 concreta
921 318 1038 351 calore
1054 330 1063 359 3

220 369 278 403 Sic
295 369 436 413 liquido
455 369 596 413 Scyllae
616 370 874 404 circumfusum
893 381 1049 415 aequore
1068 382 1197 415 corpus

219 423 386 457 Semiferi
401 423 549 456 incertis
568 423 762 456 etiamtum
780 423 944 467 partibus
962 426 1065 457 artus

218 474 392 519 Undique
409 476 616 519 mutabant,
638 482 749 520 atque
767 476 931 520 undique
950 477 1197 510 mutabantur.

219 528 301 562 Oris
318 529 434 562 honos
452 529 610 572 primum
629 532 666 562 et
685 529 811 562 multis
830 532 955 573 optata
973 530 1105 563 labella
1389 528 1429 548 <⁹⁵

218 581 267 615 Et
286 582 432 625 patulae
450 581 582 615 frontis
601 582 735 625 species
754 593 978 615 concrescere
997 583 1035 615 in
1055 594 1171 616 unum

218 634 387 678 Coepere,
409 637 446 668 et
464 635 589 678 gracili
606 641 773 668 mentum
791 635 988 678 producere
1007 639 1123 668 rostro
1140 649 1149 676 ;

217 687 323 730 Tum,
345 699 419 731 qua
437 699 474 720 se
492 687 655 720 medium
674 688 801 731 capitis
819 687 1012 720 discrimen
1031 688 1173 731 agebat,

217 740 308 773 Ecce
327 742 489 784 repente,
510 740 613 773 velut
632 740 768 783 patrios
787 740 954 773 imitatus
972 740 1142 784 honores,

216 792 416 826 Puniceam
434 792 614 826 concussit
633 804 727 836 apex
744 792 784 826 in
802 793 937 826 vertice
956 793 1102 827 cristam
1118 806 1129 835 ς

215 846 268 880 At
287 846 406 879 mollis
424 845 543 879 varios
561 845 730 879 intexens
748 846 874 889 pluma
892 846 1028 879 colores

216 899 464 932 Marmoreum
481 898 621 932 volucri
638 899 788 932 vestivit
805 899 965 942 tegmine
987 910 1128 943 corpus,

216 952 406 996 Lentaque
424 954 617 996 perpetuas
635 952 812 985 fuderunt
830 952 976 985 brachia
994 964 1142 996 pennas,

216 1005 309 1038 Inde
328 1005 416 1038 alias
434 1008 556 1048 partes
574 1005 760 1049 minioque
779 1005 915 1039 infecta
933 1005 1082 1038 rubenti

217 1058 329 1092 Crura
347 1069 480 1091 novam
499 1058 630 1091 macies
649 1058 804 1092 obduxit
823 1058 989 1102 squalida
1007 1058 1151 1102 pellem,

216 1110 266 1144 Et
284 1111 436 1155 pedibus
454 1111 590 1144 teneris
607 1122 749 1155 ungues
768 1111 883 1144 affixit
902 1114 1035 1145 acutos

217 1163 266 1197 Et
284 1167 407 1198 tamen
425 1164 494 1197 hoc
513 1164 661 1197 demum
680 1165 830 1198 miserae
849 1176 1057 1198 succurrere
1076 1167 1183 1208 pacto

217 1216 293 1250 Vix
310 1217 430 1250 fuerat
448 1217 590 1260 placida
609 1217 777 1260 Neptuni
796 1217 947 1261 coniuge
966 1217 1128 1261 dignum.

217 1270 420 1314 Nunquam
439 1270 539 1303 illam
557 1270 708 1314 posthac
726 1270 822 1304 oculi
840 1270 962 1303 videre
981 1282 1131 1304 suorum

217 1323 422 1367 Purpureas
441 1323 541 1356 salvo
558 1323 779 1357 retinentem
797 1323 932 1357 vertice
951 1324 1075 1365 vittas,

217 1376 305 1409 Non
323 1376 506 1409 thalamus
525 1376 633 1419 Tyrio
651 1376 815 1420 fragrans
834 1376 971 1420 accepit
990 1388 1144 1419 amomo,

216 1429 353 1463 Nullae
371 1429 474 1462 illam
493 1428 595 1462 sedes
613 1442 619 1463 :
649 1429 738 1473 quid
758 1429 855 1462 enim
875 1440 957 1462 cum
977 1429 1123 1462 sedibus
1141 1429 1195 1462 illi
1211 1428 1223 1463 3

218 1481 319 1523 Quae
338 1481 447 1515 simul
464 1484 507 1515 ut
526 1493 602 1515 sese
621 1493 711 1515 cano
730 1481 775 1514 de
793 1482 937 1525 gurgite
955 1482 1064 1515 velox

217 1534 310 1568 Cum
329 1535 451 1568 sonitu
469 1534 517 1568 ad
536 1535 676 1568 coelum
695 1534 933 1568 stridentibus
952 1535 1085 1568 extulit
1104 1535 1181 1578 alis,

217 1587 267 1621 Et
285 1588 445 1621 multum
462 1587 536 1621 late
555 1587 724 1631 dispersit
742 1588 779 1621 in
799 1599 957 1632 aequora
974 1599 1093 1621 rorem
1109 1601 1118 1630 3
1385 1584 1425 1605 ⁵²⁵

217 1641 354 1674 Infelix
371 1641 472 1684 virgo
491 1641 741 1685 nequidquam
760 1653 781 1674 a
799 1644 916 1674 morte
933 1644 1079 1685 recepta

216 1694 406 1728 Incultum
424 1694 508 1727 solis
525 1694 565 1727 'm
582 1695 735 1738 rupibus
753 1694 868 1737 exigit
885 1705 1028 1737 aevum,

217 1747 385 1791 Rupibus
405 1749 441 1780 et
460 1747 615 1790 scopulis
634 1750 671 1780 et
689 1747 857 1780 litoribus
876 1747 1036 1781 desertis.

217 1800 256 1834 N
257 1811 297 1834 ec
315 1803 438 1834 tamen
457 1799 526 1833 hoc
544 1800 678 1833 iterum
696 1811 812 1844 poena
831 1800 907 1833 sine
926 1812 932 1834 :
961 1811 1118 1844 namque
1138 1800 1247 1834 desim
1266 1811 1341 1842 rex,

218 1848 366 1901 [Omnia
384 1853 448 1897 qui
466 1853 617 1896 imperio
635 1856 815 1886 terrarum
834 1853 949 1886 millia
968 1850 1119 1902 versat,]

218 1906 429 1939 Commotus
447 1906 560 1939 talem
578 1906 625 1939 ad
644 1917 792 1950 superos
810 1906 963 1939 volitare
982 1906 1154 1949 puellam,

219 1959 311 1993 Cum
329 1962 433 2003 pater
452 1959 653 1992 exstinctus
672 1970 776 1992 caeca
795 1959 862 1992 sub
881 1961 987 1992 nocte
1006 1959 1149 2002 lateret,

218 2012 280 2046 I]]i
297 2023 362 2056 pro
381 2012 516 2056 pietate
536 2023 741 2046 sua—nam
760 2023 864 2055 saepe
883 2012 1070 2045 nitentimi

219 2064 402 2109 Sanguine
422 2067 611 2098 taurorum
630 2065 783 2108 supplex
800 2068 1018 2108 resperserat
1037 2076 1128 2109 aras,

220 2117 332 2162 Saepe
352 2118 462 2151 deum
480 2118 581 2162 largo
599 2117 786 2151 decorarat
805 2129 954 2151 munere
974 2118 1131 2151 sedes—-

218 2171 397 2205 Reddidit
416 2173 580 2215 optatam
598 2174 742 2204 mutato
762 2182 909 2214 corpore
927 2171 1053 2213 vitam,

219 2224 394 2268 Fecitque
412 2224 451 2257 in
469 2224 574 2258 terris
594 2224 809 2257 Haliae'etus
827 2224 901 2257 ales
920 2226 962 2257 ut
980 2226 1074 2257 esset
1091 2236 1098 2257 :

222 2276 363 2321 Quippe
382 2277 514 2321 aquilis
532 2289 673 2321 semper
690 2277 827 2321 gaudet
845 2277 935 2310 deus
953 2277 1014 2310 ille
1033 2288 1208 2310 coruscus.

222 2330 322 2363 Huic
340 2341 425 2363 vero
444 2330 607 2373 miserae,
630 2330 802 2374 quoniam
821 2329 994 2363 damnat-a
1013 2330 1162 2363 deorum

221 2382 363 2417 Iudicio
380 2383 590 2428 patriaeque
609 2386 646 2417 et
666 2383 828 2427 coniugis
847 2386 932 2417 ante
950 2383 1092 2426 fuisset,

1387 792 1429 811 51⁰

1383 1055 1427 1076 5⁹5

1386 1319 1428 1340 519

1387 1849 1428 1868 ἔμ’-’0

1386 2114 1427 2134 ⁵25
