1528 2569
636 102 771 132 LIBER
801 105 858 132 IV.

183 191 272 226 'Olli
289 190 416 237 (sensit
432 191 530 225 enim
548 192 718 226 simulata
735 193 858 224 mente
875 190 1047 232 locutam,

199 245 279 286 Quo
297 256 450 289 regumn
467 244 585 278 Italiae
604 245 756 288 Libycas
774 246 953 278 averteret
971 241 1065 287 oras)

199 298 256 332 Sic
276 301 401 331 contra
419 300 474 331 est
491 298 652 341 ingressa
669 297 797 331 Venus
814 309 821 331 :
845 295 967 337 “Quis
985 295 1074 329 talia
1092 293 1241 328 demens

199 351 350 384 Abnuat
369 353 433 384 aut
452 353 575 384 tecum
592 350 696 384 malit
715 349 933 384 contendere
950 348 1058 391 bello,

200 403 238 436 Si
256 403 377 447 niodo,
399 403 497 447 quod
515 415 705 446 memoraS,
726 403 865 436 factum
883 402 1032 435 fortuna
1051 402 1224 444 sequatur
1240 398 1252 435 ‘l

200 455 269 489 Sed
290 456 376 490 fatis
393 457 531 490 incerta
549 457 655 499 feror,
678 456 708 489 si
727 455 874 499 Jupiter
891 466 1003 488 unam

199 509 287 542 Esse
306 509 395 543 velit
414 509 531 553 Tyriis
549 509 677 542 urbem
696 508 776 552 Troj
783 511 876 551 aque
895 507 1065 551 profectis
1080 519 1089 549 3

199 562 391 596 Miscerive
409 562 538 606 probet
556 561 709 605 populos
728 564 792 594 aut
810 560 948 593 foedera
962 559 1070 603 jungi

199 615 255 648 Tu
273 614 407 659 conjux
430 628 438 656 ;
466 614 535 647 tibi
552 614 607 648 fas
625 614 787 647 animum
809 615 948 646 tentare
966 611 1146 656 precando
1165 623 1174 647 z

198 667 326 711 Perge,
347 678 484 711 sequar.
492 667 513 683 ''
566 667 660 699 Tum
678 666 728 700 sic
748 666 889 709 excepit
907 665 1004 708 regia
1023 664 1049 698 J
1052 675 1125 698 11110
1143 676 1150 698 :

202 722 227 738 “
236 721 384 754 Mecum
399 720 468 753 erit
481 719 550 752 iste
560 719 680 753 labor:
700 730 799 752 nunc
813 720 886 761 qua
898 717 1052 760 ratione,
1070 716 1171 760 quod.
1184 716 1312 762 instat,

198 772 354 806 Confieri
371 772 496 816 possit,
518 772 641 816 paucis
659 771 837 816 (adverte)
856 770 1002 805 docebo.

197 825 386 859 Venatum
405 825 553 868 AEneas,
572 835 719 868 unaque
736 823 936 857 miserrima
953 822 1052 856 Dido

198 878 244 912 In
263 890 391 912 nemus
409 878 460 911 ire
478 880 620 922 parant,
640 877 706 910 ubi
722 877 857 920 primos
876 876 1053 910 crastinus
1072 878 1174 909 ortus

200 931 384 965 Extulerit
402 931 510 964 Titan
528 930 709 974 radiisque
727 929 901 963 retexerit
919 929 1052 962 orbem.

199 984 270 1018 His
289 995 353 1028 ego
370 984 577 1028 nigrantem
594 982 791 1016 commixta
806 982 982 1026 grandine
1001 980 1179 1025 nimbum,

198 1037 299 1071 Dum
316 1037 502 1081 trepidant
521 1037 588 1070 alce
607 1036 793 1080 saltusque
811 1035 981 1079 indagine
1000 1034 1163 1078 cingunt,

198 1090 363 1134 Desuper
379 1090 584 1133 infundam,
606 1092 642 1122 et
660 1089 802 1122 tonitru
821 1088 953 1121 coelum
972 1099 1078 1121 omne
1098 1088 1197 1121 ciebo

200 1143 402 1186 Diffugient
421 1142 570 1176 comites
589 1144 626 1175 et
643 1145 750 1175 nocte
767 1143 937 1184 tegentm
956 1142 1077 1184 opaca.

199 1196 416 1240 Speluncam
433 1195 530 1228 Dido
549 1194 626 1228 dux
643 1197 681 1228 et
699 1193 876 1237 Trojanus
894 1193 1046 1226 eandem

198 1248 413 1282 Devenient.
473 1248 607 1290 Adero,
629 1249 677 1290 et,
698 1249 765 1280 tua
783 1247 813 1279 si
831 1246 921 1279 mihi
940 1249 1037 1279 certa
1055 1246 1238 1290 voluntas,

200 1301 391 1335 Connubio
404 1301 558 1345 jungam
577 1299 699 1333 stabili
716 1299 969 1343 propriamque
988 1299 1125 1332 dicabo.

199 1354 272 1388 Hic
290 1354 515 1397 Hymenaeus
534 1352 641 1386 erit.⁷'
695 1352 731 1385 Ν
736 1364 783 1385 011
801 1352 991 1385 adversata
1009 1351 1152 1395 petenti

199 1407 356 1449 Annuit,
378 1409 489 1450 atque
508 1405 601 1439 dolis
618 1404 698 1438 risit
717 1404 897 1448 Cytherea
914 1404 1076 1447 repertis.

253 1459 437 1493 Oceanum
455 1459 594 1492 interea
613 1469 762 1501 smgens
781 1456 923 1490 Aurora
941 1457 1091 1500 reliquit
1108 1469 1115 1491 ε

198 1512 236 1546 It
254 1512 378 1556 portis,
397 1511 527 1556 jubare
545 1514 683 1553 exorto,
704 1510 844 1543 delecta
858 1510 1036 1553 juventus
1053 1522 1062 1551 ;

197 1565 307 1599 Retia
324 1576 416 1608 rara,
436 1565 564 1608 plagae,
585 1563 660 1597 lato
679 1563 859 1596 venabula
876 1562 983 1605 ferro,

197 1618 422 1662 Massylique
440 1619 554 1651 ruunt
573 1616 725 1661 equiteS,
747 1618 784 1649 et
804 1616 914 1649 odora
933 1626 1063 1649 canum
1085 1615 1147 1649 vis.

197 1671 376 1715 Reginam
394 1670 554 1703 thalamo
574 1671 808 1702 cunctantem
827 1668 870 1702 ad
892 1668 1018 1701 limina
1036 1668 1144 1711 primi

198 1723 396 1757 Poenonun
414 1725 628 1766 exspectant
648 1735 656 1763 3
684 1724 853 1765 ostroque
872 1720 1024 1764 insignis
1043 1725 1079 1754 et
1099 1732 1188 1754 auro

199 1776 279 1810 Stat
299 1776 452 1819 sonipes,
475 1786 515 1808 ac
534 1775 647 1808 fraena
665 1774 768 1807 ferox
786 1774 995 1817 spumantia
1013 1773 1166 1808 mandit.

198 1828 361 1862 Tandem
378 1827 620 1872 progreditur,
641 1828 775 1869 magna
793 1826 951 1869 stipante
971 1828 1127 1869 caterva,

199 1881 385 1916 Sidoniam
403 1880 500 1924 picto
520 1879 746 1922 chlamydem
767 1878 990 1912 circumdata
1008 1878 1120 1911 limbo
1138 1890 1145 1913 ε

198 1934 266 1968 Cui
284 1934 453 1978 pharetra
472 1945 517 1966 ex
535 1944 635 1973 auro,
658 1931 773 1964 crines
792 1931 978 1964 nodantur
995 1931 1034 1964 in
1053 1942 1194 1974 auium,

196 1987 320 2021 Aurea
337 1997 555 2030 purpuream
572 1984 756 2018 subnectit
773 1983 886 2017 fibula
903 1986 1051 2017 vestem.

196 2040 352 2074 Necnon
371 2042 407 2072 et
425 2038 578 2082 Phrygii
597 2037 757 2079 comiteS,
779 2039 815 2070 et
834 2036 942 2070 laetus
960 2036 1077 2079 Iulus,

197 2092 390 2126 Incedunt.
450 2091 532 2135 Ipse
551 2093 635 2124 ante
654 2090 742 2123 alios
759 2089 1022 2132 pulcherrimus
1040 2100 1164 2123 omncs

197 2145 316 2179 Infert
335 2157 372 2178 se
391 2144 528 2178 socium
552 2143 696 2185 EEneas,
719 2145 831 2186 atque
850 2142 995 2186 agmina
1008 2142 1133 2186 jungit
1154 2155 1160 2176 :

198 2198 334 2240 Qualis,
356 2197 420 2231 ubi
437 2197 627 2230 hibernam
646 2195 794 2239 Lyciam
812 2194 1027 2239 Xanthique
1045 2195 1184 2228 fluenta

197 2251 342 2285 Deserit
359 2262 400 2284 ac
418 2250 552 2284 Delum
570 2251 771 2283 maternam
788 2247 914 2281 invisit
932 2248 1065 2292 Apollo

199 2302 458 2347 Instauratque
478 2303 616 2346 choros,
637 2300 819 2345 mixtique
838 2300 966 2334 altaria
985 2301 1119 2334 circum

200 2356 394 2401 Cretesque
413 2355 649 2402 Dryopesque
669 2354 842 2398 fremunt,
865 2353 1024 2399 pictique
1044 2353 1241 2397 Agathyrsi
1260 2367 1267 2395 ;

1357 186 1396 207 105

1359 450 1398 471 110

1360 714 1399 735 115

1363 979 1400 999 120

1326 1262 1328 1264 ,
1363 1244 1401 1264 125

1363 1507 1402 1528 122⁰

1363 1771 1402 1792 135>

1362 2034 1402 2056 140

1362 2298 1401 2320 115
