1559 2584
536 108 722 135 VIRGILII
753 108 984 136 GEORGICA.

208 195 332 237 Quum
350 195 481 229 sitiunt
499 196 634 238 herbae,
657 198 694 230 et
712 196 833 240 pecori
848 196 927 240 jam
945 196 1083 240 gratior
1101 198 1230 232 umbra
1249 201 1317 242 est,

207 249 254 283 In
274 252 411 283 secreta
430 249 524 283 senis
543 250 687 292 ducam,
711 260 783 292 quo
803 249 920 282 fessus
939 250 984 283 ab
1003 250 1112 284 undis

208 302 254 336 Se
273 302 402 346 recipit
419 315 427 345 ;
455 302 561 336 facile
579 305 623 336 ut
643 313 770 335 somno
790 302 1001 346 aggrediare
1016 303 1211 347 jacentem.

207 355 349 389 Verum
367 355 432 389 ubi
451 357 658 399 correptum
676 355 857 398 manibus,
880 355 1081 400 vinclisque
1100 357 1254 401 tenebis,

208 408 303 442 Tum
321 409 431 442 variae
450 408 607 442 illudent
627 408 773 452 species,
796 410 907 452 atque
927 420 990 442 ora
1007 409 1175 444 ferarum.

208 461 291 495 Fiet
309 462 407 495 enim
427 462 548 495 subito
568 473 629 495 sus
647 461 827 504 horridus,
850 464 1003 505 atraque
1022 462 1137 506 tigris,

208 515 503 559 Squamosusque
523 515 643 558 draco,
666 517 703 547 et
723 515 827 548 fulva
847 515 984 548 cervice
1004 515 1118 548 leaena
1136 529 1144 556 ;

207 568 287 601 Aut
306 579 424 601 acrem
443 568 599 601 flammae
618 568 779 601 sonitum
799 567 913 610 dabit,
936 570 1047 612 atque
1066 568 1118 602 ita
1136 568 1266 603 vinclis

207 620 376 664 Excidet,
399 623 463 654 aut
481 621 520 654 in
540 632 652 665 aquas
671 623 801 654 tenues
820 621 981 664 dilapsus
1000 621 1125 655 abibit.

209 674 278 708 Sed
300 677 439 718 quanto
457 674 518 707 ille
538 674 651 718 magis
670 674 804 708 formas
824 685 861 708 se
880 676 999 707 vertet
1018 674 1057 708 in
1076 686 1213 719 omnes,

207 726 338 770 Tanto,
359 730 457 771 nate,
479 728 593 771 magis
613 727 791 761 contende
810 727 953 761 tenacia
971 727 1092 762 Vincla
1108 741 1117 769 ;

206 779 333 814 Donec
350 781 434 814 talis
454 781 535 824 erit,
557 783 702 814 mutato
722 792 880 824 corpore,
903 781 1048 824 qualem

206 833 365 876 Videris,
388 834 532 878 incepto
551 836 691 877 tegeret
710 845 825 877 quum
843 834 983 867 lumina
1002 845 1137 867 somno.
1145 833 1165 850 ’'

260 886 353 921 Haec
372 887 424 920 ait
441 900 449 929 3
478 890 515 920 et
533 887 716 931 liquidum
735 886 923 920 ambrosiae
942 887 1091 920 diffudit
1110 887 1271 931 odorem,

208 939 289 981 Quo
308 942 430 974 totum
449 940 528 974 nati
547 952 676 984 corpus
694 940 866 984 perduxit
882 952 891 981 ;
919 942 958 974 at
976 940 1030 974 ilh'

207 993 335 1027 Dulcis
354 993 561 1037 compositis
580 993 732 1037 spiravit
751 993 911 1026 crinibus
929 1004 1030 1036 aura,

207 1046 333 1090 Atque
351 1046 482 1080 habilis
500 1047 671 1080 membris
690 1046 793 1080 venit
812 1046 922 1089 vigor.
984 1046 1051 1080 Est
1071 1058 1198 1090 specus
1216 1047 1344 1092 ingens

207 1099 319 1133 Exesi
337 1099 450 1133 latere
469 1099 508 1133 in
527 1099 662 1133 montis
680 1113 687 1141 ;
717 1111 789 1143 quo
808 1099 965 1143 plurima
983 1102 1095 1133 vento

208 1152 372 1196 Cogitur,
394 1153 506 1197 inque
526 1153 627 1186 sinus
646 1152 779 1186 scindit
799 1164 875 1186 sese
894 1152 994 1186 unda
1012 1153 1182 1187 reductos
1200 1165 1208 1189 :

206 1205 405 1251 Deprensis
423 1206 511 1239 olim
530 1206 639 1240 statio
658 1206 842 1239 tutissima
859 1206 992 1240 nautis.

207 1259 316 1293 Intus
335 1270 372 1293 se
391 1259 486 1293 vasti
504 1259 660 1293 Proteus
677 1259 770 1302 tegit
790 1258 905 1303 objice
924 1258 1012 1293 saxi.

207 1312 282 1346 Hic
296 1312 472 1357 juvenem
490 1313 529 1346 in
547 1312 697 1346 latebris
716 1323 883 1345 aversum
902 1324 923 1345 a
942 1311 1080 1345 lumine
1101 1312 1139 1345 N
1141 1313 1279 1358 ympha

208 1365 371 1399 Collocat
388 1378 396 1406 ;
424 1366 502 1410 ipsa
520 1366 647 1410 procul
665 1365 808 1398 nebulis
828 1365 979 1399 obscura
997 1366 1143 1400 resistit.

206 1418 233 1453 J
235 1431 294 1452 am
312 1419 461 1463 rapidus
479 1421 621 1452 torrens
641 1419 805 1452 sitientes
826 1418 940 1452 Sirius
959 1419 1072 1452 Indos

206 1472 372 1506 Ardebat
392 1473 495 1516 coelo,
517 1474 554 1506 et
573 1472 735 1505 medium
755 1471 816 1505 Sol
835 1472 962 1515 igneus
982 1472 1106 1505 orbem

206 1524 392 1559 Hauserat
409 1539 417 1568 ;
445 1526 596 1560 arebant
615 1525 749 1568 herbae,
773 1527 809 1558 et
829 1536 916 1558 cava
935 1525 1086 1558 flumina
1106 1525 1206 1559 siccis

206 1577 390 1612 Faucibus
408 1579 455 1612 ad
473 1579 603 1612 limum
621 1579 714 1612 radii
732 1578 914 1621 tepefacta
934 1579 1139 1621 coquebant
1158 1592 1165 1619 3

207 1630 332 1672 Quum
351 1632 506 1666 Proteus
526 1634 699 1665 consueta
717 1634 845 1675 petens
865 1643 884 1664 e
903 1631 1075 1665 fluctibus
1097 1635 1201 1666 antra

206 1685 292 1719 Ibat
311 1698 317 1719 ;
347 1697 431 1719 eum
449 1685 544 1719 Vasti
563 1685 698 1719 circuni
716 1696 803 1728 gens
822 1684 973 1718 humida
991 1685 1096 1728 ponti

206 1737 401 1782 Exultans,
422 1750 541 1772 rorem
559 1739 633 1772 late
653 1737 827 1781 dispergit
846 1749 1018 1771 amarum.

208 1790 386 1825 Sternunt
405 1804 442 1825 se
462 1803 587 1825 somno
607 1791 758 1825 diversae
778 1791 817 1824 in
836 1790 961 1824 littore
981 1791 1115 1834 phocae.

205 1844 302 1888 Ipse,
327 1845 444 1890 (velut
463 1845 599 1879 stabuli
618 1847 739 1878 custos
758 1844 796 1877 in
815 1844 1001 1877 montibus
1022 1844 1121 1888 olim,

206 1897 347 1942 Vesper
364 1898 428 1932 ubi
447 1911 466 1932 e
484 1901 592 1942 pastu
612 1898 747 1931 vitulos
766 1897 813 1931 ad
832 1899 930 1930 tecta
948 1897 1102 1941 reducit,

204 1950 410 1995 Auditique
429 1952 534 1995 lupos
553 1954 691 1985 acuunt
710 1950 893 1984 balatibus
912 1950 1024 1994 agni),

206 2003 372 2038 Considit
391 2006 539 2049 scopulo
557 2005 711 2048 medius,
733 2015 1000 2047 numerumque
1019 2006 1191 2038 recenset.

206 2057 321 2101 Cujus
340 2058 498 2092 Aristaeo
518 2058 690 2102 quoniam
710 2060 765 2091 est
784 2057 907 2090 oblata
926 2057 1092 2099 facultas,

205 2109 282 2144 Vix
301 2111 441 2145 defessa
460 2124 582 2145 senem
601 2122 727 2155 passus
747 2121 960 2154 componere
979 2110 1154 2153 membra,

206 2163 300 2197 Cum
319 2164 474 2199 clamore
493 2165 568 2199 ruit
587 2176 730 2208 magno,
753 2163 976 2207 manicisque
992 2163 1176 2207 jacentem

206 2216 378 2261 Occupat.
440 2218 508 2252 Ille
528 2230 603 2252 suae
623 2220 750 2252 contra
768 2228 843 2250 non
861 2216 1051 2250 immemor
1070 2217 1169 2259 artis,

206 2269 339 2304 Omnia
357 2272 595 2305 transformat
614 2282 689 2305 sese
708 2271 748 2304 in
766 2269 941 2303 miracula
959 2281 1092 2311 rerum,

206 2322 420 2369 Ignemque,
443 2325 727 2368 horribilemque
748 2324 873 2366 feram,
897 2322 1123 2365 fluviumque
1144 2322 1354 2366 liquentem.

206 2375 346 2410 Verum
366 2378 429 2411 ubi
449 2378 551 2412 nulla
570 2379 694 2421 fugam
714 2375 848 2420 reperit
868 2375 1022 2419 fallacia,
1046 2375 1164 2409 victus

1377 356 1416 375 40:¹1

1378 620 1418 640 410

1374 886 1414 906 41⁵

1375 1152 1416 1174 ⁴20

1376 1419 1416 1438 ⁴25

1376 1685 1418 1705 4³⁰

1377 1949 1417 1969 ⁴33

1375 2214 1415 2235 44ss
