1528 2569
549 127 734 154 VIRGILII
763 127 889 155 CIBIS.

199 214 353 258 Profeci,
375 216 538 248 extrema
555 215 711 249 moriens
729 218 853 249 tamen
871 215 1036 260 alloquor
1053 216 1152 253 hora,

200 266 277 301 Vos
295 279 372 311 ego,
394 279 458 301 vos
477 268 578 311 adeo,
600 269 714 312 venti,
735 269 907 312 testabor,
930 272 967 302 et
986 281 1106 314 aurae,

200 320 290 364 Vos,
311 320 513 354 Pandionia
530 321 561 354 si
579 321 644 365 qui
662 322 707 355 de
725 324 833 365 gente
851 322 996 365 venitis,

200 373 356 407 Oernitis
375 386 382 408 :
410 373 473 407 illa
491 385 556 417 ego
575 386 655 407 sum
675 377 826 418 cognato
845 375 1020 418 sanguine
1038 374 1141 410 vobis

201 425 321 470 Scylla
337 439 346 468 3
374 427 472 470 quod
491 438 512 460 0
532 427 631 460 salva
649 427 756 460 liceat
774 430 811 461 te
831 428 948 461 dicere
967 428 1107 462 Procne
1123 441 1134 471 ς

200 479 271 513 Ina
289 490 354 523 ego
373 491 454 512 sum
472 479 556 513 Nisi
574 480 744 524 pollentis
762 480 837 514 fih‘a
860 481 1056 524 quondam,

201 532 377 566 Certatim
396 544 441 565 ex
459 533 559 566 omni
575 533 681 575 petiit
700 545 810 577 quam
829 533 979 567 Graecia
995 544 1119 578 regno,

202 584 283 626 Qua
301 597 433 619 curvus
451 588 566 619 terras
585 587 819 630 amplectitur
838 586 1101 631 Hellespontus
1116 599 1128 629 ;

201 638 271 671 Illa
290 650 354 682 ego
374 650 466 681 sum,
489 638 623 682 Minos,
646 642 785 672 sacrato
803 639 947 673 foedere
967 640 1098 673 coniux

200 691 310 725 Dicta
327 691 396 724 tibi
411 704 419 733 3
447 694 572 725 tamen
589 692 689 735 haec,
704 692 780 725 ‘etsi
797 703 872 725 non
890 692 1031 735 accipis,
1053 692 1168 727 audis,

200 743 382 777 Vinctane
401 747 479 778 tam
497 744 619 787 magni
636 745 790 778 tranabo
808 745 961 788 gurgitis
980 744 1097 778 undas
1115 745 1124 778 ἔ

202 796 337 830 Vincta
354 799 411 830 tot
430 797 591 830 assiduas
610 798 774 841 pendebo
795 809 840 830 ex
859 797 985 831 ordine
1004 797 1102 831 luces
1118 798 1130 830 ‘2

199 849 239 883 N
241 861 288 883 on
307 849 476 893 equidem
493 861 551 883 me
570 850 640 884 alio
659 862 807 894 possum
826 850 1043 884 contendere
1059 850 1207 894 diguam

198 902 396 946 Supplicio,
419 903 517 946 quod
536 903 586 936 sic
603 903 760 947 patriam
779 914 950 947 carosque
969 906 1118 947 penates

201 955 380 989 Hostibus
398 955 602 1000 immitique
622 956 748 989 addixi
767 957 893 1000 ignara
910 959 1077 1000 tyranno.

199 1008 339 1042 Verum
356 1008 506 1052 isthaec,
529 1009 663 1053 Minos,
685 1009 766 1043 iHos
785 1009 955 1042 scelerata
973 1009 1112 1052 putavi,

201 1061 239 1095 Si
252 1064 376 1096 nostra
393 1064 479 1095 ante
498 1062 628 1106 aliquis
646 1062 820 1096 nudasset
838 1062 984 1095 foedera
1003 1073 1119 1106 casus,

199 1115 388 1158 Facturos,
410 1126 565 1158 quorum
583 1115 734 1158 direptis
752 1115 942 1149 moenibus
959 1115 1072 1160 urbis,

201 1167 232 1201 Ο
252 1179 316 1211 ego
336 1168 502 1210 crudelis,
524 1168 671 1202 flamma
689 1168 839 1202 delubra
856 1168 972 1212 petivi
988 1181 997 1210 ;

200 1220 250 1254 Te
269 1232 354 1254 vero
372 1221 507 1254 victore
525 1221 625 1264 prius
642 1221 703 1255 vel
721 1221 839 1254 sidera
859 1232 985 1257 cursus

201 1273 394 1307 Mutatura
412 1285 507 1317 suos,
530 1285 640 1318 quam
658 1276 696 1308 te
715 1274 805 1307 mjhj
822 1274 912 1307 talia
931 1275 1056 1318 captae

200 1326 399 1360 Facturum
416 1327 541 1361 metui.
601 1327 682 1360 Iam
699 1327 772 1360 iam
792 1327 907 1360 scelus
926 1327 1048 1360 omnia
1066 1326 1189 1361 vincit.

200 1379 286 1413 Ten'
305 1391 370 1423 ego
389 1380 471 1423 plus
488 1379 605 1423 patrio
625 1380 736 1413 dilexi
754 1380 895 1423 perdita
913 1391 1023 1423 regno
1038 1380 1050 1412 2

201 1432 286 1466 Teu'
305 1444 370 1477 ego
388 1433 400 1466 2
453 1433 533 1466 Nec
551 1433 697 1476 minim,
719 1433 828 1466 vultu
847 1433 997 1476 decepta
1015 1432 1137 1476 puella

201 1486 254 1519 Ut
273 1486 361 1529 vidi,
383 1488 425 1519 ut
444 1485 534 1529 perii
550 1487 557 1520 !
586 1488 630 1519 ut
649 1497 706 1519 me
725 1486 843 1519 malus
861 1485 1015 1519 abstulit
1033 1486 1156 1520 error!

200 1539 288 1572 Non
307 1539 477 1583 equidem
495 1550 541 1572 ex
558 1538 629 1572 isto
649 1539 790 1582 speravi
808 1550 954 1582 corpore
973 1549 1076 1582 posse

201 1591 286 1625 Tale
305 1592 443 1625 malum
461 1591 560 1625 nasci
577 1605 586 1633 3
613 1592 730 1625 forma
748 1592 808 1626 vel
826 1592 941 1625 sidere
960 1591 1076 1626 fallor.

201 1645 264 1678 Me
283 1656 358 1678 non
377 1645 513 1678 deliciis
532 1645 728 1678 commovit
746 1645 845 1689 regia
863 1645 976 1688 dives,

200 1697 344 1731 Curah'o
362 1698 493 1741 fragili,
515 1700 625 1742 atque
643 1698 776 1732 electro
795 1698 994 1739 lacrimoso,

201 1751 264 1784 Me
283 1762 358 1784 non
375 1751 545 1784 fiorentes
564 1751 708 1794 aequali
726 1763 873 1795 corpore
891 1750 1086 1795 nymphae,

201 1803 289 1837 Non
306 1806 427 1837 metus
444 1803 627 1838 incensam
645 1804 767 1848 potuit
784 1804 941 1837 retinere
960 1804 1119 1837 deorum.

201 1856 333 1890 Omnia
350 1857 464 1891 vincit
483 1868 584 1890 amor
600 1869 607 1891 :
637 1857 726 1900 quid
741 1857 838 1890 enim
857 1868 931 1891 non
950 1857 1110 1890 vinceret
1128 1855 1212 1890 ille?

201 1909 290 1943 Non
309 1910 399 1943 mihi
417 1910 490 1943 iam
508 1910 634 1953 pingui
653 1910 838 1943 sudabunt
857 1913 1021 1953 tempora
1039 1910 1199 1953 myrrha,

201 1962 376 1997 Pronuba
393 1974 460 1996 nec
479 1966 594 1996 castos
612 1963 784 1996 accendet
803 1964 911 2007 pinus
929 1963 1094 2005 honores,

202 2016 282 2049 Nec
301 2014 414 2060 Libys
432 2016 581 2059 Assyrio
600 2018 784 2049 sternetur
802 2016 957 2050 lectulus
976 2018 1084 2049 ostro.

202 2068 340 2112 Magna
358 2080 489 2113 queror
505 2082 513 2110 ;
541 2080 608 2102 nec
626 2080 683 2102 me
702 2069 764 2102 illa
783 2069 932 2113 quidem
951 2068 1191 2102 communiter
1210 2067 1304 2101 alma

203 2122 380 2156 Omnibus
399 2122 532 2155 iniecta
549 2122 659 2155 tellus
677 2122 877 2155 tumulabit
896 2133 1014 2156 arena.

203 2175 314 2208 Mene
332 2175 430 2208 inter
448 2177 582 2208 matres
601 2175 861 2219 ancillaresque
880 2175 1028 2208 maritas

204 2228 315 2261 Mene
334 2228 422 2262 alias
441 2229 538 2261 inter
556 2228 776 2261 famularum
795 2240 944 2261 mimere
962 2225 1080 2271 fungi,

205 2280 375 2325 Coniugis
394 2284 505 2325 atque
525 2284 622 2324 tuae,
645 2292 895 2325 quaecumque
915 2281 983 2314 erit
1002 2281 1076 2324 illa,
1098 2281 1225 2314 beata-e

206 2333 244 2367 N
247 2345 293 2367 on
311 2334 415 2367 licuit
432 2334 600 2378 gravidos
619 2346 729 2378 penso
749 2334 940 2368 devolvere
958 2334 1058 2367 fusos
1073 2334 1084 2367 2

205 2387 258 2422 At
277 2386 362 2420 belh
380 2387 508 2421 saltem
528 2388 708 2431 captivam
727 2387 804 2431 lege
823 2399 985 2421 necesses
1002 2390 1008 2421 ἔ
1060 2395 1063 2396 ’

1350 121 1402 157 97

1365 215 1406 236 4υᾶ

1363 477 1405 499 41⁰

1367 1006 1408 1025 420

1367 1535 1408 1555 43¹?

1372 2063 1411 2082 4⁴11

1374 2326 1413 2348 ⁴45
