1528 2569
680 74 813 104 LIBER
842 75 888 103 11.

229 162 308 198 Has
326 160 416 196 mihi
433 164 637 197 servassent
655 163 757 197 sedes
774 176 781 198 :
810 163 897 198 satis
914 174 988 197 una
1007 174 1187 208 superque

228 216 399 250 Vidimus
417 215 570 259 excidia,
592 219 629 250 et
648 219 762 260 captae
782 216 1031 260 superavimus
1049 216 1141 251 urbi.

229 269 287 302 Sic
305 280 339 311 o,
361 269 411 302 sic
428 269 587 312 positum
605 269 706 303 affati
724 269 898 304 discedite
917 280 1054 313 corpus.

228 321 311 365 Ipse
330 332 442 355 manu
459 324 614 355 mortem
631 322 815 356 inveniam
833 334 840 356 :
868 322 1098 355 miserebitur
1115 321 1241 367 hostis,

227 374 460 418 Exuviasque
479 377 580 418 petet
597 387 604 409 :
632 375 748 408 facilis
763 375 907 419 jactura
925 375 1115 419 sepulchri.

226 426 455 471 Jampridem
472 427 612 461 invisus
629 427 734 461 Divis
753 431 790 461 et
808 428 948 462 inutilis
966 439 1081 462 annos

224 480 404 514 Demoror
414 493 423 521 ;
442 491 488 513 ex
502 491 574 524 quo
593 491 651 514 me
669 480 806 514 Divum
824 483 929 524 pater
946 483 1056 524 atque
1070 480 1260 515 hominum
1274 493 1339 516 rex

226 532 407 566 Fulminis
425 533 561 579 afflavit
578 533 698 567 ventis
717 536 754 567 et
773 533 926 577 contigit
944 533 1057 577 igni.”

226 585 326 619 Talia
344 586 529 629 perstabat
547 597 760 629 memorans,
781 586 947 629 fixusque
964 586 1146 622 manebat.

226 638 305 672 Nos
325 641 450 672 contra
467 638 571 671 effusi
589 638 766 682 lacrymis,
790 639 997 682 conjuxque
1016 638 1162 682 Creusa,

225 691 489 733 Ascaniusque,
511 691 701 734 omnisque
720 690 862 733 domus,
884 702 930 724 ne
950 692 1090 723 vertere
1110 702 1233 725 secum

226 743 366 776 Cuncta
383 746 498 786 pater,
521 743 670 786 fatoque
689 743 834 786 urgenti
852 743 1060 776 incumbere
1079 743 1199 777 vellet.

225 796 408 839 Abnegat,
429 795 646 839 inceptoque
665 798 702 829 et
721 795 867 829 sedibus
885 795 1000 829 haeret
1018 796 1058 829 in
1076 796 1202 829 isdem.

277 848 418 881 Rursus
437 848 476 880 in
494 859 593 881 arma
611 848 717 891 feror,
738 851 964 892 mortemque
981 848 1202 882 miserrimus
1221 851 1316 893 opto.

225 900 324 934 Nam
344 900 442 945 quod
461 901 662 944 consilium,
685 903 748 934 aut
768 912 850 945 quae
864 901 943 944 jam
961 901 1109 935 fortuna
1127 901 1311 936 dabatur?

229 954 371 987 “Mene
391 953 514 986 efferre
532 953 673 997 pedem,
694 953 849 997 genitor,
870 956 908 987 te
926 965 1029 997 posse
1047 954 1174 988 relicto

226 1006 387 1050 Sperasti
403 1006 416 1039 2
441 1008 661 1050 tantumque
679 1007 781 1040 nefas
799 1007 916 1050 patrio
936 1006 1071 1040 excidit
1090 1007 1178 1041 ore?

226 1058 264 1092 Si
282 1059 373 1092 nihil
392 1070 437 1091 ex
454 1060 561 1092 tanta
580 1059 718 1102 superis
735 1059 853 1103 placet
872 1059 960 1092 urbe
979 1059 1148 1103 relinqui,

224 1111 274 1145 Et
293 1111 392 1145 sedet
411 1112 478 1145 hoc
497 1111 629 1154 animo,
651 1112 894 1155 perituraeque
913 1112 1045 1145 addere
1065 1112 1183 1156 Trojae

225 1164 348 1208 Teque
366 1167 520 1208 tuosque
536 1164 644 1208 juvat
663 1177 672 1206 ;
700 1167 801 1208 patet
819 1164 882 1198 isti
897 1164 1012 1208 janua
1030 1165 1113 1198 leto.

223 1217 382 1261 Jamque
401 1217 516 1250 aderit
534 1217 650 1250 multo
670 1216 805 1250 Priami
825 1217 870 1250 de
890 1218 1064 1260 sanguine
1084 1218 1258 1262 Pyrrhus,

223 1270 262 1303 N
264 1273 367 1303 atum
385 1273 469 1303 ante
489 1281 550 1302 ora
568 1269 693 1313 patriS,
710 1273 851 1313 patrem
870 1270 934 1314 qui
952 1270 1145 1304 obtruncat
1163 1272 1210 1305 ad
1229 1283 1317 1306 aras.

224 1322 306 1356 Hoc
326 1325 414 1365 erat,
437 1322 532 1355 alma
550 1334 692 1366 parens,
714 1323 812 1366 quod
831 1334 888 1355 me
907 1334 971 1366 per
989 1323 1075 1366 tela,
1096 1335 1161 1367 per
1179 1324 1291 1368 ignes,

223 1375 342 1419 Eripis
358 1375 368 1408 2
395 1377 438 1408 ut
456 1375 584 1408 mediis
602 1375 744 1408 hostem
762 1375 801 1408 in
820 1375 1078 1418 penetralibus,
1100 1378 1216 1420 utque

222 1428 504 1471 Ascaniumque,
526 1431 738 1471 patremque
757 1439 890 1470 meum,
908 1427 1092 1471 juxtaque
1112 1428 1295 1474 Creusam,

220 1481 392 1514 Alterum
410 1481 449 1513 in
468 1480 616 1513 alterius
635 1483 811 1514 mactatos
830 1480 1005 1523 sanguine
1025 1492 1169 1514 cernam
1187 1482 1199 1515 2

221 1534 346 1575 Arma,
370 1532 450 1575 viri,
471 1533 564 1566 ferte
583 1544 682 1566 arma
700 1545 706 1567 :
734 1536 840 1566 vocat
858 1533 923 1566 lux
942 1533 1074 1566 ultima
1093 1534 1218 1569 victos.

221 1585 380 1620 Reddite
399 1597 457 1619 me
476 1585 613 1619 Danais
632 1599 641 1627 3
670 1585 777 1619 sinite
796 1586 998 1619 instaurata
1016 1586 1171 1619 revisam

220 1638 352 1672 Praelia
372 1650 379 1672 :
407 1649 596 1682 nunquam
615 1649 739 1672 omnes
757 1638 866 1672 hodie
885 1638 1080 1672 moriemur
1098 1639 1246 1675 inulti.'’

220 1690 295 1725 Hic
313 1691 409 1724 ferro
427 1691 593 1734 accingor
610 1703 734 1724 rursus
751 1705 758 1732 ;
788 1691 985 1735 clypeoque
1004 1691 1188 1725 sinistram

219 1743 447 1777 Insertabam
462 1746 603 1787 aptans,
625 1755 754 1787 meque
774 1747 877 1777 extra
895 1746 993 1777 tecta
1011 1744 1180 1779 ferebam.

219 1796 311 1830 Ecce
331 1799 454 1830 autem
473 1797 660 1839 complexa
678 1797 787 1840 pedes
806 1797 845 1829 in
864 1796 988 1829 limine
1008 1797 1145 1840 conjux

218 1847 406 1892 Haerebat,
427 1860 652 1892 parvumque
671 1850 766 1892 patri
784 1849 961 1882 tendebat
981 1849 1106 1882 Iulum
1125 1860 1134 1883 ι

221 1901 294 1935 “Si
312 1902 496 1945 periturus
513 1902 601 1944 abis,
624 1904 660 1934 et
679 1913 744 1934 nos
763 1913 848 1945 rape
866 1901 905 1934 in
923 1901 1046 1934 omnia
1062 1904 1204 1944 tecum3

217 1953 282 1988 Sin
301 1954 460 1998 aliquam
479 1957 649 1997 expertus
669 1954 823 1997 sumptis
842 1966 942 1997 spem
960 1954 1065 1997 ponis
1083 1954 1121 1987 in
1141 1954 1262 1998 armis,

215 2006 325 2041 Hanc
343 2007 502 2050 primum
520 2009 641 2040 tutare
662 2007 819 2041 domum.
881 2006 949 2040 Cui
967 2018 1100 2050 parvus
1119 2007 1235 2050 Iulus,

215 2059 284 2093 (hii
301 2062 416 2104 pater,
439 2062 476 2093 et
495 2059 631 2103 conjux
652 2059 836 2103 quondam
853 2062 920 2093 tua
939 2059 1049 2103 dicta,
1071 2060 1257 2104 relinquor
1273 2059 1318 2095 ?''

215 2111 316 2145 Talia
334 2112 546 2154 vociferans,
568 2112 707 2156 gemitu
726 2115 864 2146 tectum
884 2123 990 2146 omne
1009 2112 1172 2156 replebat
1190 2126 1200 2154 ;

215 2163 337 2205 Quum
358 2165 519 2198 subitum
539 2165 712 2209 dictuque
732 2165 848 2199 oritur
866 2165 1030 2199 mirabile
1048 2168 1254 2199 monstrum
1274 2179 1282 2201 :

213 2217 384 2261 Namque
403 2229 532 2252 manus
552 2217 649 2251 inter
667 2220 953 2262 moestorumque
973 2228 1034 2252 ora
1053 2221 1259 2262 parentum,

213 2268 305 2303 Ecce
324 2269 414 2303 levis
433 2282 574 2304 summo
593 2271 638 2304 de
658 2271 793 2304 vertice
814 2271 912 2305 visus
931 2271 1005 2304 Iuli

212 2321 382 2356 Fundere
401 2322 523 2357 lumen
545 2335 647 2368 apeX,
670 2326 845 2368 tactuque
864 2323 1014 2357 innoxia
1033 2325 1151 2358 mollis

1389 320 1431 341 ⁶45

1389 585 1432 606 650

1389 848 1431 868 65⁵

1390 1112 1430 1131 6⁴50

1387 1375 1429 1396 665

1386 1638 1428 1662 610

1385 1900 1428 1925 ⁶7⁵

1383 2164 1425 2184 680
