1559 2584
569 104 752 132 VIRGILII
783 105 838 132 GE
844 104 1016 133 ORGICA.

239 191 361 233 Quum
380 192 501 226 medio
521 193 615 227 celei
616 205 653 226 es
668 193 837 227 revolant
855 204 901 227 ex
921 204 1067 237 aequore
1085 191 1212 236 mergi,

240 245 516 304 Clamoremque
537 247 660 279 ferunt
678 246 724 279 ad
743 246 897 288 littora3
926 257 1114 290 quumque
1133 245 1284 280 marinae

239 298 286 332 In
305 299 398 333 sicco
417 299 553 333 ludunt
573 300 720 340 fulicee3
749 301 928 343 notasque
947 299 1099 343 paludes

238 351 395 395 Deserit,
416 355 527 396 atque
541 353 654 385 altam
672 363 781 396 supra
794 352 894 386 volat
913 352 1022 386 ardea
1039 352 1185 387 nubem.

240 405 343 449 Saepe
363 405 473 438 etiam
492 405 627 448 stellas,
644 407 756 438 vento
774 405 1021 448 impendente,
1042 405 1184 438 videbis

240 458 452 502 Praecipites
472 458 562 492 coelo
581 458 667 501 labi,
689 458 880 502 noctisque
899 470 964 502 per
981 458 1150 491 umbram

241 511 490 545 Flammarum
509 512 637 555 longos
656 523 677 544 a
694 513 796 555 tergo
816 511 995 544 albescere
1013 513 1154 544 tractus
1171 522 1178 545 :

241 564 345 608 Saepe
364 564 481 598 levem
501 565 643 608 paleam
663 566 700 598 et
720 564 867 598 frondes
888 564 1040 597 volitare
1060 563 1227 606 caducas,

242 618 322 652 Aut
343 620 485 651 summa
503 620 633 651 nantes
652 617 691 650 in
710 619 807 661 aqua
827 617 1008 651 colludere
1027 617 1180 661 plumas,

241 672 294 705 At
307 670 433 704 Boreae
453 671 498 704 de
517 674 621 715 parte
639 671 753 704 trucis
772 682 888 715 quum
906 671 1091 713 fulminat,
1113 672 1150 703 et
1170 679 1285 712 quum

241 724 403 768 Eurique
423 724 653 768 Zephyrique
671 727 777 758 tonat
796 724 936 767 domus,
961 723 1084 757 omnia
1102 723 1219 767 plenis

241 777 344 811 Rura
362 780 495 811 natant
514 778 620 811 fossis
639 790 649 819 3
677 780 788 821 atque
807 777 926 811 omnis
944 777 1071 810 navita
1089 778 1205 820 ponto

241 830 409 864 Humida
427 831 509 864 vela
536 831 624 874 legit
645 842 899 874 :—nunquam
918 829 1214 873 imprudentibus
1235 827 1353 861 imber

242 883 382 918 Obfuit.
442 883 522 917 Aut
541 884 646 917 illum
665 886 873 927 surgentem
892 883 1049 917 vallibus
1067 882 1150 916 imis

243 937 364 970 Aeriae
387 936 512 980 fugere
531 949 638 981 grues
656 950 664 978 ;
692 940 756 970 aut
779 937 924 980 bucula,
947 936 1081 970 coelum

243 989 463 1033 suspiciens,
485 990 623 1034 patulis
642 990 805 1033 captavit
824 990 972 1023 naribus
992 1001 1097 1023 auras
1117 1001 1125 1031 ;

242 1044 322 1077 Aut
341 1046 471 1087 arguta
490 1044 588 1077 lacus
609 1043 916 1077 circumvolitavit
934 1043 1094 1076 hirundo
1112 1055 1120 1083 ;

243 1096 293 1130 Et
312 1099 474 1130 veterem
493 1097 532 1130 in
551 1097 639 1130 limo
657 1108 756 1130 ranae
776 1096 935 1130 cecinere
955 1096 1149 1139 querelam.

244 1149 385 1193 Saepius
405 1153 441 1183 et
459 1150 567 1183 tectis
587 1149 835 1193 penetralibus
854 1149 989 1183 extulit
1008 1160 1077 1182 ova

242 1203 453 1246 Angustum
471 1203 621 1236 formica
639 1205 761 1236 terens
779 1203 850 1235 iter
869 1215 877 1244 ;
907 1205 944 1236 et
962 1202 1056 1235 bibit
1075 1201 1204 1245 ingens

242 1256 361 1290 Arcus
378 1269 386 1297 ;
415 1258 452 1289 et
472 1267 491 1289 e
510 1259 617 1299 pastu
636 1256 815 1289 decedens
840 1255 983 1299 agmine
1002 1266 1134 1298 magno

243 1309 444 1343 Corvorum
463 1309 645 1353 increpuit
665 1309 786 1343 densis
805 1309 985 1342 exercitus
1005 1308 1081 1341 alis.

242 1361 269 1396 J
272 1374 330 1396 am
349 1363 467 1396 varias
486 1362 605 1406 pelagi
625 1362 800 1405 volucres,
826 1365 863 1395 et
883 1373 964 1405 quae
984 1361 1073 1394 Asia
1092 1360 1227 1394 circum

241 1415 421 1450 Dulcibus
439 1415 478 1449 in
498 1415 635 1459 stagnis
653 1415 834 1449 rimantur
852 1418 958 1459 prata
978 1414 1132 1462 Caystri,

243 1469 419 1503 Certatim
438 1469 556 1513 largos
575 1469 736 1502 humeris
754 1468 949 1502 infundere
964 1479 1062 1501 rores
1080 1480 1088 1508 3

243 1522 357 1556 Nunc
376 1525 485 1566 caput
505 1522 686 1566 objectare
705 1522 818 1564 fretis,
842 1533 941 1554 nunc
961 1531 1102 1554 currere
1122 1520 1161 1553 in
1180 1519 1312 1563 undas,

244 1576 293 1609 Et
313 1575 436 1609 studio
455 1576 637 1609 incassum
657 1575 780 1608 videas
799 1574 930 1619 gestire
950 1573 1107 1607 lavandi.

244 1629 339 1662 Tum
358 1628 484 1663 cornix
511 1629 620 1672 plena
638 1628 801 1672 pluviam
820 1630 925 1661 vocat
944 1627 1109 1670 improba
1127 1637 1225 1669 voce,

245 1682 294 1715 Et
315 1682 390 1716 sola
408 1682 447 1715 in
463 1682 557 1716 sicca
576 1693 698 1715 secum
717 1681 897 1725 spatiatur
915 1682 1034 1714 arena.

245 1735 284 1768 N
286 1747 305 1769 e
324 1738 505 1769 nocturna
524 1735 673 1779 quidem
694 1737 882 1778 carpentes
901 1745 1014 1778 pensa
1032 1733 1166 1777 puellae

245 1788 284 1821 N
286 1788 443 1822 escivere
461 1789 618 1822 hiemem
640 1801 646 1823 z
673 1790 771 1821 testa
787 1799 901 1831 quum
920 1787 1072 1820 ardente
1093 1786 1259 1819 viderent

247 1841 454 1876 Scintillare
474 1842 607 1884 oleum,
630 1843 667 1874 et
686 1843 811 1885 putres
830 1851 1056 1875 concrescere
1074 1839 1216 1883 fungos.

299 1894 337 1928 N
339 1906 378 1928 ec
397 1895 519 1928 minus
539 1906 584 1928 ex
604 1894 712 1928 imbri
731 1894 836 1938 soles,
866 1896 902 1928 et
923 1896 1049 1937 aperta
1067 1904 1193 1926 serena

247 1948 471 1992 Prospicere,
494 1951 531 1981 et
550 1948 658 1982 certis
677 1947 813 1991 poteris
833 1958 1046 1991 cognoscere
1066 1946 1186 1989 signiS.

246 2001 346 2035 Nam
365 2012 484 2045 neque
502 2004 584 2034 tum
603 2000 717 2034 stellis
736 2000 830 2034 acies
849 2001 979 2034 obtusa
997 1999 1157 2043 videtur,

249 2054 330 2088 Nec
348 2054 474 2088 fratris
492 2054 604 2088 radiis
623 2053 780 2088 obnoxia
800 2065 945 2097 surgere
964 2053 1070 2086 Luna
1087 2065 1096 2094 3

247 2107 387 2141 Tenuia
406 2119 473 2141 nec
491 2107 584 2141 lanae
604 2118 670 2151 per
689 2107 822 2140 coelum
841 2107 976 2140 vellera
994 2105 1090 2140 ferri.

248 2160 337 2194 Non
356 2161 524 2204 tepidum
543 2160 590 2194 ad
609 2160 723 2193 solem
742 2171 880 2203 pennas
898 2160 937 2193 in
956 2159 1080 2192 littore
1100 2157 1270 2201 pandunt

245 2213 400 2248 Dilectae
420 2214 568 2247 Thetidi
586 2213 782 2257 halcyoncs
802 2226 810 2255 ;
838 2225 913 2246 non
933 2223 993 2246 ore
1012 2211 1150 2244 solutos

247 2266 437 2300 Immundi
455 2266 652 2300 meminere
673 2278 755 2299 sues
770 2266 910 2310 jactare
929 2264 1117 2308 maniplos.

248 2320 300 2353 At
319 2320 464 2354 nebulae
483 2320 598 2363 magis
617 2319 690 2352 ima
709 2321 854 2364 petunt,
878 2328 1078 2362 campoque
1097 2316 1317 2350 recumbunt
1333 2327 1343 2358 ζ.

249 2372 343 2407 Solis
362 2375 399 2407 et
418 2384 583 2406 occasum
603 2383 751 2406 servans
770 2372 815 2406 de
835 2371 992 2406 culmine
1007 2381 1149 2404 summo

1415 399 1457 420 ⁸5⁵

1416 929 1460 953 3:¹5

1418 1994 1460 2016 81»
