1528 2569
659 102 792 129 menn
821 102 867 129 11.
1366 95 1417 132 35

216 189 256 223 N
257 201 305 223 on
323 187 413 224 alias
431 189 523 224 coelo
541 188 748 224 ceciderunt
766 190 872 234 plura
890 201 1015 224 sereno

216 241 389 286 Fulgura,
411 253 478 276 nec
495 242 566 276 diri
584 243 693 277 toties
711 243 827 277 arsere
846 246 1006 279 cometae.

217 295 313 339 Ergo
331 295 428 329 inter
446 307 522 329 sese
541 296 688 340 paribus
707 307 915 330 concurrere
933 296 1017 330 telis

216 347 400 382 Romanas
417 348 511 382 acies
529 349 663 383 iterum
681 349 802 383 videre
821 349 983 393 Phihppi
999 361 1007 384 :
1380 349 1419 369 ⁴⁹⁰

217 401 257 434 N
259 412 298 435 ec
320 401 391 435 fuit
410 401 603 445 indignum
622 402 780 446 Superis,
802 402 858 436 bis
877 402 1051 447 sanguine
1069 404 1194 437 nostro

217 453 425 488 Emathiam
444 457 481 488 et
498 455 592 489 latos
610 455 734 488 Haemi
751 455 982 499 pinguescere
1001 467 1153 500 campos.

217 506 360 541 Scilicet
380 510 416 541 et
434 510 579 552 tempus
598 508 731 551 veniet,
754 520 869 552 quum
888 508 1021 542 finibus
1040 509 1112 542 illis

217 560 397 604 Agricola,
418 561 568 595 incurvo
587 563 721 594 terram
739 562 887 595 molitus
913 563 1046 605 aratro,

217 612 337 646 Exesa
354 613 516 647 inveniet
531 614 654 647 scabra
670 613 837 657 rubigine
855 614 941 658 pila,

219 666 298 699 Aut
317 666 488 709 gravibus
506 666 630 699 rastris
645 666 764 709 galeas
782 667 943 710 pulsabit
960 667 1099 710 inanes,

218 718 450 762 Grandiaque
469 714 604 752 effossis
623 719 815 752 mirabitur
832 731 912 753 ossa
930 719 1137 763 sepulchris.

275 771 339 805 Dii
358 771 466 815 patrii
485 771 681 815 Indigetes,
704 775 740 805 et
760 772 930 816 Romule,
952 772 1138 817 Vestaque
1156 775 1285 816 mater,

217 824 308 866 Quae
327 824 484 858 Tuscum
502 825 659 858 Tiberim
678 827 714 858 et
733 825 900 859 Romana
917 826 1052 869 palatia
1074 837 1206 869 servas,

217 877 329 911 Hunc
348 877 476 911 saltem
496 889 619 911 everso
633 877 809 922 juvenem
828 890 1034 912 succurrere
1048 879 1154 913 saeolo

217 930 276 964 Ne
295 930 483 974 prohibete
503 932 509 964 !
541 930 635 964 Satis
650 931 869 975 jampridem
888 932 1063 976 sanguine
1081 934 1207 966 nostro

216 983 495 1017 Laomedonteae
513 984 648 1017 luimus
667 984 826 1028 perjuria
845 985 972 1028 Trojae.

216 1036 243 1070 J
244 1037 444 1080 ampridem
471 1037 576 1070 nobis
595 1037 678 1070 coeli
691 1040 728 1070 te
747 1037 856 1081 regia,
879 1037 1009 1081 Caesar,

216 1089 376 1133 Invidet,
398 1092 508 1134 atque
522 1090 712 1123 hominum
731 1091 897 1134 queritur
915 1102 1038 1125 curare
1057 1090 1263 1135 triumphos
1280 1103 1288 1126 ε

216 1141 357 1186 Quippe
375 1143 439 1176 ubi
457 1143 511 1176 fas
530 1155 674 1176 versum
692 1146 803 1187 atque
815 1144 936 1185 nefas;
955 1146 1012 1177 tot
1023 1144 1118 1178 bella
1132 1156 1195 1188 per
1210 1144 1352 1185 orbcm;

216 1195 304 1229 Tam
323 1196 449 1229 multae
469 1196 645 1229 scelerum
667 1196 775 1229 facies
795 1209 804 1237 3
832 1208 906 1230 non
924 1197 1022 1230 ullus
1041 1200 1162 1231 aratro

215 1247 356 1292 Dignus
374 1249 489 1282 honos
509 1262 517 1290 ;
545 1249 714 1292 squalent
733 1249 900 1283 abductis
919 1261 1005 1283 arva
1024 1250 1161 1284 colonis
1181 1263 1190 1292 ;

215 1301 264 1334 Et
283 1313 403 1334 curvae
421 1301 579 1344 rigidum
598 1302 706 1335 falces
726 1302 929 1335 conflantur
946 1303 985 1336 in
1005 1315 1136 1337 ensem.

214 1352 316 1387 Hinc
334 1358 456 1388 movet
475 1354 690 1398 Euphrates,
715 1355 815 1388 illinc
836 1355 1031 1390 Germania
1049 1356 1188 1390 bellum
1206 1368 1216 1398 3

214 1406 355 1440 Vicinue
374 1408 491 1450 ruptis
510 1408 606 1440 inter
623 1419 660 1440 se
679 1407 819 1451 legibus
837 1408 946 1441 urbes

211 1460 324 1493 Arma
343 1461 466 1493 ferunt
486 1473 494 1501 ;
522 1461 627 1493 saevit
644 1463 725 1493 toto
741 1461 843 1494 Mars
862 1461 996 1505 impius
1015 1461 1101 1495 orbe
1123 1473 1130 1496 :

214 1512 279 1555 Ut,
302 1524 416 1556 quum
435 1513 635 1546 carceribus
655 1525 729 1547 sese
749 1514 907 1547 effudere
927 1514 1125 1558 quadrigae,

214 1566 368 1600 Addunt
387 1566 426 1599 in
445 1566 562 1610 spatia
582 1579 590 1607 ;
619 1569 668 1609 et,
690 1567 826 1600 frustra
845 1567 1047 1601 retinacula
1064 1567 1232 1611 tendens,

212 1618 346 1652 Fertur
368 1620 471 1663 equis
491 1620 627 1663 auriga,
648 1631 767 1664 neque
787 1620 890 1654 audit
905 1632 1031 1654 currus
1049 1621 1218 1654 habenas.

1380 612 1422 632 ⁴95

1381 876 1423 896 50⁰

1382 1141 1421 1162 505

1382 1406 1421 1427 510

530 1885 684 1919 LIBER
712 1885 985 1923 SECUNDUS.

211 1971 419 2005 HACTENUS
438 1983 607 2006 arvorum
626 1973 758 2017 cultus,
790 1977 827 2008 et
854 1974 970 2008 sidera
990 1974 1073 2009 coeli
1091 1987 1099 2010 :

210 2024 248 2057 N
250 2036 320 2058 unc
338 2027 388 2068 te,
411 2025 563 2067 Bacche,
586 2038 724 2069 canam,
746 2039 886 2061 necnon
907 2028 1100 2071 sylvestria
1122 2031 1242 2062 tecum

210 2077 393 2121 Virgulta,
416 2080 452 2111 et
467 2078 606 2122 prolem
624 2079 728 2112 tarde
749 2081 940 2114 crescentis
960 2081 1075 2114 olivae.

210 2129 307 2173 Huc,
330 2133 433 2174 pater
452 2142 473 2164 o
492 2131 622 2165 Lenaee
639 2133 645 2165 !
676 2132 751 2165 tuis
769 2132 828 2166 hic
847 2133 968 2166 omnia
982 2134 1089 2177 plena

209 2183 426 2217 Muneribus
443 2197 451 2225 ;
480 2184 549 2217 tibi
567 2185 760 2228 pampineo
779 2186 952 2229 gravidus
971 2189 1150 2221 autumno

209 2236 334 2270 Floret
353 2248 448 2280 ager,
471 2240 617 2280 spumat
636 2237 752 2282 plenis
772 2238 955 2272 vindemia
973 2239 1092 2273 labris.

209 2288 307 2332 Huc,
329 2292 432 2333 pater
450 2302 471 2324 o
491 2290 633 2334 Lenaee,
656 2291 740 2324 veni
759 2304 767 2333 3
802 2291 1014 2335 nudataque
1034 2295 1156 2327 musto

209 2341 321 2386 Tinge
341 2354 435 2376 novo
449 2355 591 2377 mecum
610 2344 761 2388 direptis
780 2355 884 2379 crura
903 2344 1099 2380 cothurnis.
