1559 2584
138 130 160 166 6

515 141 701 167 VIRGILII
733 141 788 168 GE
794 140 966 168 ORGICA.

213 226 357 260 Arbuta
377 227 550 271 sufficere,
572 230 610 261 et
629 227 759 261 fluvios
778 228 938 271 praebere
956 230 1119 263 recentes
1138 241 1148 271 ;

213 280 262 313 Et
281 280 427 314 stabula
445 292 466 314 a
485 281 604 314 ventis
623 280 775 314 hiberno
794 292 973 325 opponere
993 282 1060 315 soli

213 333 275 367 Ad
296 333 459 367 medium
479 345 650 367 conversa
669 334 765 367 diem
784 346 790 368 :
821 345 936 378 quum
955 335 1109 378 frigidus
1128 335 1215 369 olim

213 386 301 420 Jam
320 387 430 429 cadit,
452 389 688 430 extremoque
707 387 837 420 irrorat
856 387 1040 431 Aquarius
1060 399 1167 422 anno.

213 439 285 473 Hae
305 451 450 483 quoque
469 450 544 472 11011
563 442 650 473 cura
669 440 773 473 nobis
791 440 925 474 leviore
943 441 1105 484 tuendae,

213 492 251 526 N
254 504 293 526 ec
311 493 431 525 minor
448 503 535 525 usus
554 492 623 525 erit
641 506 646 527 :
678 493 844 536 quamvis
864 493 1010 527 Milesia
1028 505 1162 537 magno

213 545 361 579 Vellera
379 548 582 588 mutentur,
605 546 732 590 Tyrios
751 546 892 579 incocta
910 547 1069 580 rubores.

212 599 370 633 Densior
388 598 473 632 hinc
492 598 642 639 soboles,
664 599 748 633 111110
766 599 857 643 largi
876 600 977 643 copia
994 600 1107 634 lactis.

215 651 333 694 Quam
351 651 465 695 magis
485 652 661 686 exhausto
681 653 903 696 spumaverit
923 653 1032 686 ubere
1051 653 1208 687 mulctra
1226 666 1235 695 ;

213 704 317 739 Laeta
335 705 450 749 magis
468 705 597 749 pressis
616 706 819 739 manabunt
838 706 990 740 flumina
1008 706 1185 741 mammis.

214 758 253 792 N
255 770 295 792 00
313 758 435 792 minus
454 759 594 792 interea
613 759 742 792 barbas
761 759 962 803 incanaque
982 762 1107 793 menta

215 811 386 855 Cinyphii
404 812 560 845 tondent
579 812 681 855 hirei,
705 814 871 856 setasque
891 815 1074 846 comantes
1090 826 1099 854 ;

215 864 334 898 Usum
353 865 391 898 in
410 868 622 908 castrorum,
645 868 682 899 et
701 865 839 899 miseris
857 866 1038 899 velamina
1056 866 1188 900 nautis.

215 917 426 951 Pascuntur
443 930 528 951 vero
549 919 680 961 sylvas,
704 921 740 951 et
760 930 901 952 summa
920 919 1054 962 Lycaei,

215 970 492 1015 Horrentesque
511 971 632 1014 rubos,
656 974 692 1005 et
713 975 877 1005 amantes
896 972 1011 1005 ardua
1030 972 1170 1006 dumos.

216 1023 341 1068 Atque
359 1024 447 1068 ipsae
466 1036 643 1058 memores
661 1025 816 1058 redeunt
835 1025 874 1058 in
892 1028 1002 1068 tecta,
1025 1036 1181 1069 suosque

215 1077 380 1121 Ducunt,
403 1080 440 1111 et
459 1078 607 1121 gravido
627 1081 801 1122 superant
820 1078 883 1111 vix
901 1079 1012 1111 ubere
1032 1078 1152 1112 limen.

217 1130 313 1174 Ergo
333 1131 432 1164 0111111
452 1131 574 1164 studio
594 1131 744 1175 glaciem
764 1134 965 1175 ventosque
986 1131 1136 1175 nivales,

218 1183 300 1225 Quo
319 1184 441 1217 minus
460 1186 514 1218 est
532 1184 604 1217 illis
623 1196 719 1218 curae
738 1185 902 1218 mortalis
922 1187 1073 1228 egestaS‚

217 1237 372 1271 Avertes
389 1250 398 1279 ς
425 1237 637 1281 victumque
656 1238 749 1275 feres
769 1240 805 1271 et
825 1238 948 1281 virgea
966 1238 1074 1271 laetus

217 1290 361 1324 Pabula
377 1303 385 1332 ;
413 1302 480 1324 nec
499 1293 580 1324 tota
601 1290 746 1324 claudes
765 1291 905 1324 foenilia
923 1291 1061 1325 bruma.

219 1345 272 1378 At
290 1355 389 1387 vero,
413 1343 589 1388 Zephyris
609 1356 726 1388 quum
744 1344 833 1378 laeta
850 1344 1066 1378 vocantibus
1086 1347 1193 1378 aestas

219 1397 265 1431 In
285 1397 398 1431 saltus
417 1400 615 1441 utrumque
634 1409 778 1441 gregem
797 1400 906 1441 atque
926 1397 965 1430 in
984 1409 1115 1441 pascua
1133 1398 1269 1442 mittet,

217 1450 376 1484 Luciferi
394 1451 510 1494 primo
530 1462 612 1484 011111
632 1451 747 1484 sidere
767 1451 898 1494 frigida
916 1462 1002 1484 rura

219 1503 430 1548 Carpamus,
453 1504 542 1538 dum
560 1516 666 1537 mane
686 1515 834 1546 novum,
858 1504 946 1537 dum
965 1503 1128 1547 gramina
1147 1507 1290 1548 canent,

217 1556 268 1591 Et
286 1569 345 1591 ros
363 1557 401 1590 in
419 1559 546 1591 tenera
565 1557 683 1601 pecori
702 1557 926 1601 gratissimus
945 1557 1068 1591 herba.

218 1610 326 1654 Inde,
347 1610 412 1644 ubi
431 1613 561 1655 quarta
580 1611 678 1644 sitim
699 1611 781 1644 00011
800 1610 984 1654 collegerit
1003 1610 1104 1654 hora,

217 1664 268 1698 Et
287 1666 398 1698 cantu
418 1664 580 1708 querulae
599 1666 771 1707 rumpent
790 1664 940 1697 arbusta
960 1663 1103 1707 cicadae,

218 1717 279 1751 Ad
298 1719 439 1761 puteas,
462 1720 527 1751 aut
546 1717 620 1751 alta
638 1729 762 1761 greges
781 1717 827 1750 ad
846 1720 974 1761 stagna
988 1717 1119 1760 jubeto

220 1770 437 1804 Currentem
455 1771 576 1814 ilignis
594 1774 720 1814 potare
740 1769 924 1804 canalibus
942 1770 1081 1804 undam
1099 1783 1105 1804 :

219 1824 388 1857 AEstibus
406 1826 445 1857 at
464 1824 593 1857 mediis
611 1824 819 1857 umbrosam
838 1823 1027 1868 exquirere
1047 1823 1192 1867 vallem,

219 1876 342 1910 Sicubi
360 1889 492 1921 magna
511 1877 537 1910 J
540 1877 617 1910 ovis
636 1877 788 1921 antiquo
807 1877 934 1911 robore
954 1888 1108 1921 quercus

218 1930 393 1974 Ingentes
413 1930 540 1964 tendat
559 1941 689 1974 ramos,
711 1933 776 1964 aut
796 1930 911 1964 sicubi
929 1930 1075 1974 nigrum

218 1984 369 2018 Ilicibus
387 1984 521 2017 crebris
539 1986 639 2017 sacra
657 1995 786 2017 nemus
805 1984 955 2017 accubet
974 1983 1105 2017 umbra
1123 1995 1129 2017 :

218 2037 312 2070 Tum
330 2039 461 2070 tenues
480 2037 566 2070 dare
585 2048 709 2070 rursus
728 2048 852 2081 aquaS,
875 2039 912 2070 et
930 2048 1073 2080 pascere
1093 2047 1217 2069 rursus

218 2090 311 2124 Solis
329 2090 377 2124 ad
396 2102 560 2124 occasum
578 2102 585 2124 ι
614 2101 729 2134 quum
747 2089 902 2134 frigidus
921 2093 1003 2124 asra
1021 2090 1162 2133 Vesper

218 2143 422 2187 Temperat,
445 2146 482 2177 et
501 2144 616 2177 saltus
634 2143 749 2176 reficit
764 2143 843 2187 jam
861 2143 1002 2176 roscida
1022 2143 1138 2185 Luna,

217 2196 434 2241 Littoraque
453 2197 630 2240 alcyonen
649 2198 835 2240 resonant,
859 2196 1091 2230 acalanthida
1111 2195 1222 2229 dumi.

272 2249 369 2290 Quid
388 2250 457 2284 tibi
476 2252 637 2294 pastores
656 2249 793 2293 Libyae,
816 2249 905 2293 quid
925 2261 1057 2293 pascua
1075 2260 1181 2282 versu

217 2302 433 2347 Prosequar,
456 2306 493 2336 et
512 2303 602 2336 raris
621 2303 788 2336 habitata
807 2303 964 2346 mapalia
982 2302 1114 2335 tectis?

217 2356 321 2400 Saepe
341 2356 437 2390 diem
456 2359 687 2399 noctemque,
709 2359 746 2389 et
765 2358 887 2389 totum
906 2367 952 2389 ex
967 2355 1093 2388 ordine
1114 2366 1275 2388 mensem

217 2408 396 2453 Pascitur,
432 2412 521 2453 tque
540 2420 649 2453 pecus
668 2409 776 2453 longa
794 2409 832 2442 111
853 2408 996 2442 deserta
1016 2408 1092 2441 sinc
1113 2408 1196 2442 ullis

1392 703 1433 725 310

1391 970 1431 990 315

1394 1236 1435 1257 ³2⁰

1393 1503 1433 1523 32⁵

1388 1770 1413 1788 3?
1418 1770 1432 1791 0

1393 2034 1433 2054 3:15

1558 1924 1559 1990 ι

1557 1998 1559 2093 i

1395 2300 1436 2320 :140
