1528 2569
604 109 789 136 VIRGILII
821 109 947 137 onus.
1389 102 1438 137 51³3

230 197 312 242 Ille,
334 198 476 232 Arabae
496 198 669 242 Myrrhae
691 199 876 243 quondam
896 197 960 243 qui
981 198 1076 242 cepit
1096 199 1238 243 ocellos,

230 250 284 284 Ut
304 251 434 284 scelere
453 251 617 295 infando,
639 252 738 295 quod
757 263 823 285 nec
843 251 931 285 sinit
949 251 1140 295 Adrastea,

229 303 389 339 Laedere
408 306 605 348 utrumque
624 316 698 338 uno
718 305 865 338 studeas
885 316 1002 338 errore
1021 308 1210 348 parentem
1227 306 1234 340 Ξ

231 356 338 397 Quod
357 357 387 390 si
405 357 475 390 alio
495 358 624 401 quovis
643 357 764 391 animo
783 357 928 391 iactaris
947 369 1122 391 amore—
1401 355 1442 376 ²⁴⁰

230 408 330 444 Nam
348 412 385 443 te
404 410 542 453 iactari,
564 422 638 444 non
657 413 712 444 est
730 411 948 444 Amathusia
966 410 1082 444 nostri

231 462 320 496 Tam
338 462 452 506 rudis,
474 466 518 496 ut
537 464 638 497 nullo
658 464 792 507 possim
812 475 1024 507 cognoscere
1043 463 1218 508 signo,—

233 515 271 549 Si
290 527 478 549 concessus
497 528 597 550 amor
615 519 703 550 noto
722 518 759 550 te
779 519 937 550 macerat
956 516 1039 560 igne
1057 529 1064 550 :

231 567 303 602 Per
320 568 389 601 tibi
407 568 614 612 Dictynnae
633 569 835 613 praesentia
853 569 1005 603 numina
1023 569 1114 612 iuro,

231 621 356 655 Prima
375 622 484 655 deum
504 633 597 665 quae
616 622 721 655 dulce
740 622 831 655 mihi
849 625 886 655 te
905 622 1019 655 donat
1037 622 1235 665 alumnam,

233 674 364 707 Omnia
382 685 439 707 me
458 674 580 718 potius
599 674 709 718 digna
724 677 838 718 ‘atque
858 675 1008 716 indigna
1026 675 1192 708 laborum

231 725 352 760 Millia
366 727 541 770 visuram,
563 738 672 770 quam
690 730 728 760 te
746 730 823 760 tam
842 727 1007 760 tristibus
1025 727 1107 761 istis

231 779 396 814 Sortibus
415 782 452 813 et
471 781 596 814 morbo
615 780 733 824 patiar
750 780 933 814 tabescere
951 780 1027 813 tali.
1036 780 1056 796 ⁷²

231 831 334 866 Haec
352 833 528 877 loquitur,
550 833 724 877 mollique
742 835 785 867 ut
805 845 841 866 se
860 833 995 867 velavit
1014 833 1162 876 amictu,

229 885 261 920 F
263 886 457 929 rigidulam
475 886 608 920 iniecta
627 886 827 920 circumdat
845 889 946 920 veste
965 887 1137 930 puellam,

231 938 332 979 Quae
351 939 451 983 prius
469 939 509 972 in
526 939 631 972 tenui
650 942 801 973 steterat
820 939 1002 973 succincta
1021 941 1170 973 crocota.

229 990 362 1026 Dulcia
379 992 510 1025 deinde
529 993 630 1036 genis
648 992 854 1026 rorantibus
873 993 995 1026 oscula
1013 992 1137 1036 figens,

230 1044 467 1089 Persequitur
485 1045 635 1078 miserae
654 1056 776 1079 causas
796 1046 984 1089 exquirere
1003 1046 1097 1079 tabis
1115 1058 1123 1086 ;

230 1097 269 1131 N
272 1110 311 1132 ec
328 1101 452 1132 tamen
471 1101 556 1131 ante
574 1099 666 1132 ullas
684 1098 824 1142 patitur
842 1099 911 1132 sibi
929 1099 1079 1132 reddere
1098 1109 1215 1141 voceS‚

230 1150 478 1185 Marmoreum
496 1151 738 1185 tremebunda
756 1152 886 1195 pedem
905 1163 1015 1195 quam
1033 1151 1161 1185 retulit
1180 1153 1285 1184 intra.
1401 1149 1441 1170 ‘²⁵³

230 1203 302 1238 Illa
320 1207 444 1238 autem
466 1205 491 1222 “
508 1204 604 1245 Quid
623 1216 721 1238 nunc
739 1204 833 1247 me,’'
854 1204 975 1248 inquit
1000 1206 1022 1223 “
1038 1205 1233 1248 nutricula,
1254 1204 1425 1249 torques?

233 1257 331 1298 Quid
351 1260 499 1291 tantum
517 1269 687 1301 properas
705 1260 849 1291 nostros
867 1258 1009 1291 novisse
1029 1258 1169 1291 furores
1189 1258 1200 1292 2

231 1309 270 1344 N
272 1322 319 1344 on
338 1321 403 1354 ego
423 1313 594 1344 consueto
612 1311 826 1344 mortalibus
845 1322 930 1344 uror
948 1322 1080 1354 amore,

230 1362 270 1397 N
272 1375 311 1397 ec
328 1363 419 1396 mihi
436 1366 606 1397 notorum
625 1364 824 1397 deflectunt
842 1364 982 1397 lumina
1000 1364 1137 1406 vultus,

232 1416 271 1450 N
273 1428 312 1450 ec
330 1416 472 1460 genitor
491 1417 589 1449 cordi
608 1419 662 1450 est
680 1429 686 1450 ;
719 1416 817 1450 ultro
836 1428 994 1460 namque
1014 1417 1156 1450 odimus
1175 1428 1309 1451 omnes.

231 1469 298 1503 Nil
317 1472 415 1503 amat
433 1469 491 1503 1110
509 1470 663 1512 animus,
686 1469 824 1512 nutrix,
847 1470 945 1513 quod
965 1472 1108 1513 oportet
1126 1470 1251 1512 amari,

231 1521 278 1556 In
297 1534 370 1566 quo
388 1523 478 1556 falsa
496 1525 620 1556 tamen
638 1523 750 1556 lateat
768 1523 915 1566 pietatis
933 1523 1051 1566 imago
1072 1536 1080 1564 ;

231 1575 303 1609 Sed
322 1576 442 1609 media
461 1588 507 1609 ex
525 1576 612 1619 acie,
635 1576 837 1620 mediisque
857 1588 902 1609 ex
921 1576 1094 1609 hostibus.
1157 1576 1255 1618 Heu,
1278 1575 1363 1619 11011,

232 1626 330 1669 Quid
349 1628 480 1672 dicam,
503 1640 619 1673 quove
639 1629 716 1672 ipsa
734 1629 871 1662 malum
890 1629 958 1662 hoc
977 1629 1144 1662 exordiar
1163 1640 1223 1662 ore
1242 1629 1250 1662 ,ἲ

229 1681 359 1716 Dicam
378 1682 559 1726 equidem,
582 1682 899 1726 quoniam—quid
919 1694 992 1716 non
1011 1682 1079 1715 tibi
1099 1682 1228 1724 dicere,
1245 1682 1385 1725 nutiix,

230 1735 320 1769 Non
339 1735 453 1768 sinis?
481 1737 685 1768 extremum
703 1735 771 1768 1100
790 1747 924 1768 munus
943 1735 1131 1768 morientis
1150 1735 1292 1769 habeto.

230 1787 660 1830 Ille—vides,—nostris
680 1788 744 1832 qui
762 1789 951 1821 moenibus
970 1788 1104 1822 assidet
1123 1788 1220 1821 hosti
1233 1803 1249 1831 =,

232 1840 349 1882 Quem
368 1844 472 1885 pater
490 1841 565 1884 ipse
585 1841 695 1874 deum
714 1842 846 1884 soeptri
865 1841 1017 1874 donavit
1035 1841 1185 1884 honore,

232 1894 300 1927 Cui
319 1891 453 1927 Parcae
471 1895 631 1927 tribuere
650 1906 716 1927 1100
734 1894 810 1927 11110
830 1894 980 1927 vulnere
999 1894 1148 1927 laedi—

229 1946 435 1981 Dieendum
455 1950 522 1990 est,
543 1947 678 1981 frustra
696 1947 944 1981 circumvehor
962 1947 1084 1981 omnia
1102 1947 1276 1980 verbis—

230 2000 299 2034 Ille
318 2011 410 2043 mea,
433 1999 493 2033 ille
513 2000 622 2043 idem,
645 2003 832 2044 oppugnat
850 2000 1057 2044 praecordia
1078 2000 1210 2033 Minos.

231 2052 338 2094 Quod
357 2064 422 2097 per
439 2055 477 2086 te
496 2053 623 2087 divum
643 2053 784 2086 crebros
803 2056 982 2087 testamur
1000 2065 1151 2095 amores,

229 2105 374 2149 Perque
392 2108 499 2139 tuum
519 2107 669 2140 memori
688 2108 854 2139 sanctum
872 2106 963 2139 mihi
981 2109 1107 2150 pectus
1126 2107 1308 2147 alumnae,

231 2158 284 2192 Ut
304 2170 375 2202 me,
397 2159 428 2192 si
446 2171 586 2192 servare
606 2162 719 2203 potes,
743 2170 790 2192 ne
808 2159 958 2202 perdere
977 2159 1081 2192 malis
1098 2172 1106 2201 ;

230 2211 294 2245 Sin
314 2214 437 2246 autem
456 2215 602 2256 optatae
622 2224 702 2256 spes
722 2215 776 2245 est
795 2212 907 2246 incisa
926 2213 1065 2255 salutis,

230 2264 290 2299 Ne
309 2265 410 2308 mihi,
434 2277 543 2309 quun
563 2266 691 2308 merui,
713 2265 888 2307 invideas,
911 2265 1107 2308 nutricula,
1129 2267 1291 2299 mortem.

229 2317 329 2352 Nam
347 2319 416 2352 nisi
434 2321 472 2351 te
491 2319 595 2352 nobis
614 2319 742 2362 malus,
765 2330 786 2352 0
805 2319 935 2361 malus,
957 2319 1094 2363 optima
1113 2318 1251 2359 Carme,

230 2371 328 2404 Ante
347 2371 444 2405 hunc
464 2374 696 2416 conspectum
715 2383 862 2406 casusve
882 2372 1016 2406 deusve
1036 2372 1193 2414 tulisset,

1402 619 1443 639 245

1403 1415 1443 1434 2611

1402 1626 1442 1646 264

1402 2208 1443 2231 275
