1559 2584
95 112 144 150 78

563 123 751 151 VIRGILII
780 121 935 150 AENEIS.

197 210 249 244 At
268 209 388 244 media
407 208 520 243 socios
538 209 710 243 incedens
728 221 820 243 nave
839 221 904 253 per
921 209 1017 252 ipsos

198 263 381 297 Hortatur
400 262 618 296 Mnestheus
635 275 642 297 :
675 264 700 281 “
713 262 748 296 N
754 274 837 305 unc,
859 274 958 296 nunc
976 261 1153 306 insurgite
1171 261 1293 305 remis,

200 315 375 350 Hectorei
394 315 494 359 socii,
516 315 634 360 Trojae
654 327 746 359 quos
765 318 861 349 sorte
881 316 1050 359 suprema
1375 311 1415 333 ¹³⁰

199 369 327 412 Delegi
347 368 497 402 comites
508 381 516 410 ;
545 380 643 402 nunc
662 369 743 402 illas
762 368 917 412 promite
937 368 1044 411 vires,

200 422 238 456 N
240 433 313 455 unc
332 421 484 464 animos,
507 422 641 466 quibus
659 422 698 455 in
719 421 875 455 Gaetulis
894 421 1054 465 syrtibus
1072 420 1142 465 usi,

202 475 380 518 Ionioque
398 474 501 518 mari,
524 475 730 519 Maleaeque
750 474 963 518 sequacibus
982 474 1099 508 undis.

201 528 290 562 Non
305 527 384 572 jam
402 529 519 572 prima
536 531 621 572 peto
642 528 870 571 Mnestheus,
893 539 1012 571 neque
1030 527 1174 561 vincere
1194 529 1292 560 certo
1310 539 1317 568 ;

203 582 422 625 Quanquam
435 593 455 614 o
468 583 474 615 1
492 581 555 614 sed
568 584 752 625 superent,
763 581 896 625 quibus
903 580 983 623 hoc,
1000 580 1187 624 Neptune,
1202 580 1337 614 dedisti
1357 593 1365 619 ;
1378 577 1417 598 ¹⁹³

202 635 398 668 Extremos
417 634 555 678 pudeat
574 635 721 668 rediisse
742 647 749 668 2
778 634 846 667 hoc
866 634 1014 676 vincite,
1038 633 1146 677 cives,

202 688 252 722 Et
271 687 460 732 prohibete
479 687 618 721 nefas.”
675 687 749 721 Olli
767 687 962 721 certamine
982 698 1124 720 summo

204 741 459 774 Procumbunt
477 753 483 775 :
513 741 626 774 vastis
645 741 772 774 tremit
790 740 923 774 ictibus
944 752 1037 774 aerea
1056 739 1199 784 puppis,

206 794 514 838 Subtrahiturque
535 794 652 828 solum
672 807 680 835 ;
709 796 790 827 tum
811 793 934 827 creber
953 793 1136 827 anhelitus
1155 796 1257 826 artus

206 847 394 891 Aridaque
413 858 475 881 ora
495 847 618 891 quatit
635 861 643 889 ;
673 847 783 881 sudor
801 847 883 880 fluit
902 846 1066 890 undique
1086 846 1182 880 rivis.
1381 844 1420 863 ⁴³⁰⁰

205 901 347 935 Attulit
366 900 442 944 ipse
462 900 548 934 viris
568 903 736 944 optatum
756 912 858 934 casus
872 899 1047 933 honorem
1066 912 1072 934 :

206 954 378 997 Namque
396 954 520 987 furens
540 953 652 987 animi
671 954 759 987 dum
778 965 921 997 proram
941 953 987 986 ad
1007 964 1094 986 saxa
1113 953 1286 996 suburget

205 1007 376 1050 Interior,
398 1006 589 1051 spatioque
608 1006 707 1040 subit
726 1006 914 1050 Sergestus
932 1006 1073 1050 iniquo,

207 1057 348 1094 Infelix
370 1060 466 1093 saxis
486 1060 523 1093 in
544 1060 841 1104 procurrentibus
860 1059 977 1093 haesit.

208 1113 401 1147 Concussae
422 1115 556 1156 cautes,
580 1115 616 1146 et
635 1114 741 1146 acuto
761 1112 799 1145 in
819 1112 955 1146 murice
973 1112 1065 1145 remi
1383 1110 1424 1130 ²⁰⁵

207 1166 344 1200 Obnixi
364 1167 545 1210 crepuere,
568 1166 734 1210 illisaque
752 1177 859 1210 prora
877 1165 1060 1210 pependit.
1211 1205 1222 1212 ,

209 1220 444 1263 Consurgunt
463 1222 598 1263 nautae,
621 1222 657 1253 et
677 1231 809 1263 magno
829 1219 983 1253 clamore
998 1221 1189 1252 morantur
1205 1232 1214 1261 ;

209 1273 452 1316 Ferratasquc
473 1273 581 1306 sudes
597 1275 633 1306 et
652 1274 762 1306 acuta
782 1272 930 1316 cuspide
951 1274 1076 1306 contos

209 1326 436 1371 Expediunt,
459 1326 667 1370 fractosque
686 1326 813 1370 legunt
833 1326 871 1359 111
890 1325 1032 1370 gurgite
1051 1337 1178 1359 remos.

210 1381 264 1414 At
284 1380 393 1413 laetus
412 1379 642 1422 Mnestheus,
666 1391 906 1423 successuque
925 1379 1040 1412 acrior
1059 1379 1149 1423 ipso,
1387 1376 1428 1396 ²¹⁰

211 1432 368 1477 Agmine
387 1444 570 1466 remorum
590 1433 707 1476 celeri,
730 1432 922 1476 ventisque
941 1432 1090 1476 vocatis,

213 1486 336 1520 Prona
355 1485 449 1530 petit
468 1486 594 1529 maria,
617 1489 654 1519 et
672 1486 800 1530 pelago
820 1485 980 1519 decurrit
998 1488 1132 1529 aperto.

215 1539 342 1580 Qualis
362 1539 534 1583 spelunca
552 1539 674 1572 subito
693 1542 873 1572 commota
887 1539 1067 1582 columba,

211 1592 279 1626 Cui
298 1592 427 1626 domus
447 1595 484 1626 et
505 1592 627 1626 dulces
645 1592 826 1626 latebroso
845 1592 884 1625 in
903 1592 1045 1636 pumice
1065 1591 1153 1635 nidi,

210 1646 345 1680 Fertur
362 1645 402 1678 in
421 1657 508 1679 arva
526 1646 665 1688 volans,
688 1645 929 1689 plausumque
949 1645 1123 1679 exterrita
1137 1645 1266 1689 pennis
1388 1643 1428 1663 ²¹⁶

210 1699 286 1733 Dat
304 1701 403 1732 tecto
420 1699 607 1743 ingentem
625 1712 634 1740 3
661 1710 748 1732 mox
765 1703 846 1732 aere
864 1699 966 1743 lapsa
985 1698 1121 1742 quieto,

211 1752 326 1786 Radit
344 1752 415 1785 iter
432 1752 628 1796 liquidum,
651 1752 781 1785 celeres
800 1763 919 1796 neque
939 1755 1142 1785 commovet
1161 1752 1255 1787 alas:

213 1805 271 1840 Sic
290 1805 521 1848 Mnestheus,
544 1806 594 1839 sic
612 1805 691 1849 ipsa
709 1805 795 1849 fuga
815 1808 912 1839 secat
930 1805 1063 1838 ultima
1086 1805 1213 1839 Pristis

213 1859 381 1902 ‚AEquora
399 1871 405 1893 z
434 1858 485 1892 sic
504 1859 603 1892 illam
623 1859 694 1892 sert
713 1858 873 1902 impetus
892 1858 968 1902 ipse
988 1858 1184 1893 volantem.

214 1911 263 1945 Et
283 1912 443 1956 primum
461 1912 500 1945 in
520 1912 669 1956 scopulo
689 1912 893 1945 luctantem
913 1911 1046 1945 deserit
1065 1911 1140 1945 alto
1389 1909 1431 1930 ²²⁰

215 1965 425 2009 Sergestum
442 1965 689 2009 brevibusque
708 1965 823 2008 vadis,
846 1965 1057 2009 frustraque
1076 1967 1268 1999 vocantem

215 2018 377 2061 Auxilia,
401 2020 438 2051 et
457 2018 581 2052 fractis
601 2019 799 2052 discentem
819 2030 961 2052 currere
981 2018 1088 2051 remis
1108 2031 1115 2052 :

214 2071 309 2105 Inde
330 2071 449 2116 Gyan,
472 2072 661 2116 ipsamque
680 2071 822 2115 ingenti
841 2071 936 2105 mole
957 2071 1174 2105 Chimaeram

215 2124 460 2169 Consequitur
480 2139 487 2166 ;
517 2125 625 2168 cedit,
649 2125 823 2168 quoniam
843 2125 996 2168 spoliata
1014 2125 1186 2168 magistro
1206 2126 1260 2158 est
1278 2137 1285 2159 :

216 2178 240 2211 S
256 2179 323 2211 ›lus
337 2178 488 2222 jamque
507 2178 584 2222 ipso
604 2180 767 2222 superest
786 2178 824 2211 in
843 2178 915 2211 fine
936 2178 1136 2212 Cloanthus
1153 2191 1162 2219 3

216 2231 332 2272 Quem
352 2231 458 2275 petit,
481 2234 518 2265 et
538 2231 689 2265 summis
708 2231 865 2265 adnixus
884 2231 1021 2265 viribus
1040 2233 1154 2275 urget.

214 2284 308 2318 Tum
328 2296 413 2318 vero
432 2284 632 2328 ingeminat
653 2285 798 2327 clamor,
821 2284 1016 2327 cunctique
1037 2286 1251 2328 sequentem

215 2337 400 2381 lnstigant
420 2338 562 2381 studiis,
585 2340 804 2381 resonatque
823 2338 1026 2381 fragoribus
1046 2337 1170 2371 aether.

215 2389 264 2424 111·
285 2390 471 2435 propriimi
490 2391 600 2425 decus
619 2393 656 2424 et
674 2393 820 2434 partum
839 2390 1079 2435 indignantur
1096 2390 1280 2434 honorem,
