1559 2584
561 123 631 149 VIR
638 122 761 149 GILIL
777 121 934 148 CULEX.

197 212 346 247 Florida
365 223 448 245 cum
466 211 576 244 tellus
595 212 820 254 gemmantes
838 209 935 252 picta
953 220 1016 252 per
1034 209 1163 243 herbas

198 266 295 299 Vere
313 267 419 298 notat
439 264 537 297 dulci
556 263 730 297 distincta
749 262 929 295 coloribus
947 273 1034 295 arva
1051 275 1059 303 ;

199 320 324 362 Atque
342 318 459 360 illum,
483 317 619 350 calamo
639 316 777 349 laetum
795 315 979 348 recinente
998 315 1164 360 palustri,

200 372 357 415 Otiaque
375 370 514 404 invidia
533 370 726 413 degentem
746 380 787 401 ac
804 368 932 401 fraude
952 371 1103 411 remota,

199 425 478 467 Pollentemque
498 423 577 465 sibi,
599 421 709 455 viridi
728 433 810 455 cum
829 421 978 465 palmite
997 421 1121 455 lucens

200 477 340 511 Tmolia
358 477 551 521 pampineo
570 475 695 508 subter
714 486 816 508 coma
834 475 932 507 velat
951 474 1098 509 amictu.

200 531 263 565 Illi
282 533 368 564 sunt
387 532 510 573 gratae
529 531 692 562 rorantes
711 528 804 561 lacte
824 528 992 571 capellae,

201 584 250 618 Et
269 595 409 626 nemus,
432 585 469 616 et
487 582 644 615 fecunda
663 581 781 624 Pales,
804 583 841 614 et
860 581 1017 614 vallibus
1035 581 1117 614 imis

203 638 352 681 Semper
371 647 480 680 opaca
498 636 602 668 novis
622 634 810 668 manantia
827 634 991 667 fontibus
1010 637 1124 668 antra.

203 690 292 731 Quis
311 689 425 733 magis
444 691 570 732 optato
591 690 701 732 queat
720 699 795 721 esse
815 687 956 720 beatior
974 699 1075 730 aevo,

203 744 321 784 Quam
341 743 406 786 qui
423 745 547 775 mente
565 742 691 785 procul
709 753 800 785 pura
819 752 998 783 sensuque
1017 741 1204 784 probando

204 797 293 830 Non
312 796 437 830 avidas
456 795 639 839 cognoscit
658 806 755 838 opes,
776 806 843 828 1100
861 794 982 827 tristia
1000 794 1096 827 bella

203 850 242 883 N
245 861 284 883 00
303 850 449 882 funesta
466 849 573 881 timet
592 848 733 881 validae
754 847 950 881 certamina
969 847 1103 890 classis,

205 903 286 936 Nec
304 902 427 946 spoliis
446 902 534 935 dum
554 904 678 935 sancta
697 901 807 934 desim
826 900 1051 944 fulgentibus
1071 903 1175 934 ornet

206 956 355 1000 Templa
373 955 433 989 vel
451 957 598 988 evectus
617 955 727 988 finem
746 954 981 987 transcendat
1000 954 1170 997 habendi,

206 1009 413 1043 Adversum
433 1008 547 1042 saevis
566 1008 664 1041 ultro
684 1010 792 1051 caput
811 1007 977 1040 hostibus
997 1007 1102 1040 offert
1118 1007 1129 1041 ’ἒ

205 1063 267 1096 Illi
285 1062 377 1095 falce
395 1061 485 1094 deus
504 1061 647 1103 colitur,
669 1072 744 1094 non
763 1064 852 1103 arte,
874 1060 1010 1104 politus
1027 1073 1036 1101 ;

206 1116 275 1149 Ille
295 1115 379 1148 colit
397 1115 497 1147 lucos
516 1128 522 1155 ;
551 1115 605 1147 illi
625 1114 807 1147 Panchaia
826 1116 910 1147 tura

206 1168 376 1203 Floribus
394 1170 552 1211 agrestes
569 1168 701 1201 herbae
720 1167 947 1201 variantibus
966 1166 1101 1200 adsunt
1118 1179 1127 1208 ;

208 1222 270 1255 Illi
289 1221 405 1255 dulcis
424 1221 527 1254 adest
545 1221 688 1264 requies
708 1223 745 1254 et
764 1232 855 1264 pura
874 1220 1054 1263 voluptas,

208 1275 340 1308 Libera
358 1274 581 1318 simplicibus
601 1274 695 1307 curis
714 1286 720 1308 :
748 1274 820 1307 huc
839 1273 1018 1315 imminet,
1041 1285 1166 1306 omnes

209 1328 343 1371 Dirigit
363 1328 434 1361 huc
453 1339 591 1370 sensus,
613 1326 702 1360 haec
721 1339 806 1360 cura
825 1329 879 1360 est
899 1327 1047 1359 subdita
1067 1327 1177 1370 cordi,

210 1381 382 1422 Quolibet
401 1383 445 1414 ut
462 1381 588 1424 requie
606 1381 707 1414 victu
727 1382 921 1413 contentus
941 1380 1117 1423 abundet,

210 1434 451 1477 Iucundoque
470 1434 560 1477 liget
579 1434 790 1477 languentia
810 1445 958 1477 corpora
977 1445 1112 1467 somno.

211 1488 242 1521 O
261 1487 430 1531 pecudes,
453 1498 474 1520 o
494 1488 613 1520 Panes
633 1490 669 1520 et
689 1498 710 1520 0
729 1487 933 1531 gratissima
953 1487 1086 1530 Tempe

211 1541 340 1574 Fontis
360 1540 676 1583 Hamadryadum,
699 1551 853 1584 quarum
871 1552 945 1573 11011
965 1540 1078 1572 divite
1099 1539 1201 1573 cultu

211 1594 390 1627 Aemulus
414 1595 566 1627 Ascraeo
584 1596 708 1637 pastor
727 1593 794 1627 sibi
814 1594 968 1637 quisque
986 1596 1114 1637 poetae

213 1647 383 1680 Securam
402 1647 543 1690 placido
562 1647 723 1680 traducit
743 1650 886 1691 pectore
907 1647 1018 1680 vitan]
1037 1648 1043 1679 !

212 1700 360 1733 Talibus
378 1700 417 1733 in
436 1700 567 1733 studiis
586 1701 715 1734 baculo
736 1700 824 1733 (111111
843 1699 953 1733 nixus
972 1699 1109 1743 apricas

213 1753 345 1786 Pastor
364 1753 438 1797 agit
458 1764 573 1796 curas,
597 1756 633 1786 et
654 1754 742 1787 duni
762 1765 837 1786 non
857 1756 934 1786 arte
955 1765 1108 1786 canorus

215 1806 411 1850 Compacta
430 1807 579 1840 solitum
598 1807 810 1840 modulatur
828 1806 1006 1840 arundine
1027 1818 1170 1840 carmen
1189 1819 1198 1849 ;

214 1859 347 1893 Tendit
365 1860 551 1893 inevectus
570 1860 690 1893 radios
710 1860 932 1904 Hyperionis
951 1859 1069 1902 ardor,

213 1913 424 1956 Lucidaque
444 1913 612 1947 aethereo
632 1914 735 1957 ponit
755 1913 963 1947 discrimina
982 1913 1133 1957 mundo,

216 1966 296 2006 Qua
315 1966 400 1999 iacit
420 1966 606 2000 Oceanum
625 1967 788 2000 flammas
808 1967 846 1999 in
865 1969 1064 2009 utrumque
1083 1978 1236 2010 rapaces.

268 2019 318 2052 Et
336 2019 409 2052 iam
429 2020 667 2063 compellente
687 2032 798 2063 vagae
817 2022 960 2063 pastore
980 2020 1137 2063 capellae

215 2072 296 2105 Ima
315 2073 536 2106 susurrantis
552 2073 728 2117 repebant
748 2073 794 2106 ad
814 2073 906 2107 vada
925 2073 1108 2116 lymphae,

216 2129 316 2169 Quae
337 2126 461 2158 subter
479 2126 634 2160 viridem
652 2126 861 2160 residebant
880 2126 1022 2159 caerula
1041 2137 1216 2159 muscum.

216 2178 296 2211 Iam
315 2179 452 2212 medias
471 2190 620 2222 operum
639 2182 761 2223 partes
780 2182 927 2213 evectus
947 2182 1024 2213 erat
1044 2180 1105 2213 sol.

217 2231 310 2264 Cum
330 2231 459 2265 densas
479 2236 602 2276 pastor
621 2235 777 2276 pecudes
797 2233 948 2276 cogebat
967 2233 1005 2265 in
1024 2232 1182 2275 umbraS‚

217 2283 266 2317 Et
285 2285 410 2327 procul
429 2285 596 2328 adspexit
615 2286 697 2320 11100
715 2286 872 2319 residere
891 2285 1037 2328 virenti,

217 2336 324 2370 Delia
342 2338 438 2380 diva,
462 2341 540 2381 tuo,
564 2351 636 2383 quo
656 2339 841 2383 quondam
860 2339 958 2372 victa
976 2339 1097 2372 fruere

218 2389 345 2434 Venit,
369 2390 582 2434 Nyctelium
602 2392 757 2435 fugiens,
781 2392 948 2426 Cadmeis
967 2392 1104 2435 Agave,

1390 526 1418 550 75

1392 792 1420 812 80

1395 1059 1422 1078 35

1399 1325 1426 1345 ⁸10

1402 1591 1428 1611 ⁹5

1395 1857 1432 1877 100

1395 2122 1432 2142 :⁰5

1394 2389 1434 2410 11⁰
