1559 2584
86 112 137 151 10

551 124 736 151 VIRGILII
766 123 921 150 AENEIS.

189 211 283 245 Tum
303 211 455 245 celerare
474 211 611 255 fugam,
633 211 824 255 patriaque
844 210 1016 245 excedere
1036 211 1165 246 suadet
1181 224 1191 254 3

190 264 456 308 Auxiliumque
475 265 545 298 viae
564 267 706 298 veteres
725 264 856 298 tellure
874 264 1032 298 recludit

188 317 404 360 Thesauros,
426 318 593 361 ignotum
613 317 754 361 argenti
771 317 916 361 pondus
935 320 972 351 et
991 317 1079 351 auri.

193 370 265 404 His
285 372 479 414 commota,
502 382 626 414 ,ngam
646 370 743 404 Dido
763 371 950 415 sociosque
967 370 1121 415 parabat
1138 383 1145 406 :

197 423 432 458 Conveniunt
452 424 586 468 quibus
605 426 671 458 aut
690 424 816 458 odium
831 424 976 457 cmdele
994 423 1144 468 tyranni

190 476 270 511 Aut
288 479 411 510 metus
429 488 511 510 acer
529 479 607 510 erat
625 490 632 511 :
661 489 784 521 naves,
807 488 891 521 quae
908 477 1003 510 forte
1023 479 1173 520 paratae,

193 530 402 574 Corripiunt
421 533 649 574 onerantque
668 541 768 564 auro.
828 530 1033 564 Portantur
1052 529 1152 564 avari

193 582 447 627 Pygmalionis
466 595 552 627 opes
571 583 699 627 pelago
719 596 725 618 :
755 583 833 617 dux
851 583 1002 617 foemina
1021 583 1118 617 facti.

194 635 384 670 Devenere
403 637 512 679 locos,
537 637 600 670 ubi
620 648 719 670 nunc
738 636 904 680 ingentia
922 648 1046 670 cernes

194 689 337 723 Moenia
355 692 639 734 surgentemque
659 701 764 724 novae
786 689 1015 733 Carthaginis
1034 700 1152 723 arcem
1170 701 1178 724 :

193 742 423 787 Mercatique
444 743 574 787 solum,
597 743 685 777 facti
705 743 751 776 de
770 743 918 776 nomine
938 743 1106 785 Byrsam,

194 796 353 830 Taurino
374 798 557 840 quantum
576 799 725 841 possent
746 796 969 830 circumdare
989 798 1102 840 tergo.

196 848 267 883 Sed
286 861 351 883 vos
372 849 435 893 qui
454 849 604 883 tandem
623 850 635 883 2
663 850 797 893 quibus
816 852 882 883 aut
902 849 1053 883 venistis
1073 849 1118 882 ab
1138 847 1211 882 oris
1228 847 1240 882 ’1

197 902 325 944 Quove
343 902 477 936 tenetis
496 903 567 936 iter
584 902 623 936 2’⁷
680 902 869 943 Quzerenti
888 903 1025 936 talibus
1045 903 1106 935 ille

199 955 393 999 Suspirans
412 956 558 1000 imoque
577 956 728 989 trahens
748 968 769 989 a
787 958 933 1000 pectore
952 967 1079 989 vocem
1098 967 1105 989 z

198 1010 224 1027 “
241 1009 271 1043 Ο
291 1009 381 1052 Dea,
404 1009 434 1042 si
453 1009 571 1052 prima
588 1011 757 1052 repetens
775 1009 821 1041 ab
841 1008 979 1052 origine
999 1020 1159 1052 pergam,

197 1062 247 1095 Et
265 1064 369 1095 vacet
390 1062 538 1095 annales
557 1064 765 1096 nostrornm
785 1061 911 1095 audire
929 1062 1108 1104 laborum,

198 1116 299 1149 Ante
317 1115 415 1148 diem
436 1115 557 1149 clauso
577 1117 770 1159 componet
791 1126 918 1159 vesper
938 1114 1105 1158 Olympo.

197 1169 276 1202 Nos
296 1167 404 1212 Troja
423 1168 577 1212 antiqua
597 1168 641 1212 (si
660 1171 799 1201 vestras
818 1168 911 1202 forte
932 1180 995 1212 per
1014 1179 1118 1201 aures

201 1221 319 1265 Trojae
339 1233 473 1255 nomen
493 1222 550 1266 iit)
571 1221 715 1255 diversa
733 1234 797 1265 per
816 1233 964 1266 {equora
982 1224 1106 1254 vectos

201 1275 313 1309 Forte
333 1278 399 1308 sua
418 1275 565 1319 Libycis
583 1278 781 1319 tempestas
801 1275 946 1319 appulit
965 1274 1045 1308 oris,

201 1328 291 1362 Sum
311 1328 394 1372 pius
413 1328 565 1372 AEneaS,
587 1331 712 1372 raptos
732 1328 795 1372 qui
815 1340 861 1361 ex
878 1328 983 1362 hoste
1003 1328 1160 1361 Penates

201 1382 322 1416 Classe
342 1381 436 1415 veho
456 1393 611 1425 mecum,
635 1382 733 1415 fama
752 1393 859 1425 super
879 1381 1015 1415 aethera
1034 1383 1153 1414 notus

201 1435 349 1469 Italiam
370 1447 495 1479 quaero
514 1435 683 1479 patriam,
706 1447 820 1479 genus
839 1435 884 1469 ab
904 1435 999 1468 Jove
1019 1445 1170 1468 summo.

201 1487 266 1522 Bis
285 1488 389 1522 denis
409 1489 611 1532 Phrygium
633 1488 826 1522 conscendi
845 1489 1001 1521 navibus
1021 1498 1158 1531 aequor,

201 1541 326 1575 Matre
345 1541 424 1575 Dea
445 1544 673 1575 monstrante
693 1542 803 1584 viam,
827 1541 913 1574 data
932 1541 1009 1574 fata
1027 1543 1174 1574 secutus
1195 1552 1202 1580 ;

202 1594 279 1629 Vix
298 1597 449 1639 septem,
473 1595 657 1628 convulsae
675 1595 786 1627 undis
805 1594 990 1638 Euroque,
1014 1596 1218 1637 supersunt.

203 1647 287 1693 Ipse
306 1648 467 1692 ignotuS,
490 1660 610 1691 egens,
634 1648 760 1691 Libyae
780 1647 924 1681 deserta
943 1658 1105 1691 peragro,

202 1701 351 1745 Europa
371 1704 482 1744 atque
501 1701 591 1734 Asia
612 1701 747 1745 pulsus.
755 1701 775 1717 ''
831 1700 913 1734 Nec
931 1700 1037 1744 plura
1057 1701 1269 1744 querentem

203 1755 317 1788 Passa
335 1754 476 1797 Venus,
498 1755 618 1787 medio
639 1754 689 1788 sic
708 1754 884 1787 interfata
902 1753 1026 1787 dolore
1047 1756 1103 1786 est
1121 1765 1128 1786 :

207 1810 232 1826 “
246 1807 420 1852 Quisquis
440 1819 488 1850 eS,
512 1807 612 1841 haud
632 1808 738 1841 credo
758 1807 897 1840 invisus
917 1807 1124 1840 coelestibus
1143 1817 1250 1839 auras

203 1861 348 1895 Vitales
369 1861 497 1904 carpis,
521 1861 670 1904 Tyriam
690 1861 753 1905 qui
773 1860 964 1894 adveneris
982 1860 1120 1893 urbem.

208 1915 323 1958 Perge
343 1914 465 1957 mod0‚
488 1916 600 1958 atque
619 1915 705 1948 hinc
724 1916 762 1947 te
781 1914 935 1958 Reginae
955 1913 1001 1947 ad
1020 1913 1149 1947 limina
1169 1912 1298 1956 perfer.

205 1967 379 2012 Namque
398 1967 468 2001 tibi
487 1968 639 2001 reduces
658 1967 771 2001 socios
791 1967 1014 2010 classemque
1031 1967 1185 2000 relatam

205 2021 365 2064 Nuntio,
390 2023 428 2055 et
448 2021 487 2054 in
506 2023 632 2055 tutum
650 2021 763 2054 versis
783 2020 1029 2064 Aquilonibus
1049 2022 1167 2054 actam
1185 2032 1193 2060 ;

206 2074 244 2108 N
246 2077 259 2108 i
278 2075 417 2108 frustra
436 2074 633 2118 augurium
652 2074 740 2108 vani
759 2074 917 2107 docuere
937 2075 1117 2117 parentes.

205 2127 341 2171 Aspice
361 2127 417 2161 bis
438 2139 543 2161 senos
562 2128 731 2161 lmtantes
751 2127 894 2171 agmine
915 2138 1059 2171 cycnOS,

207 2180 381 2214 AEthcria
401 2192 492 2225 quos
512 2181 616 2225 lapsa
633 2181 740 2225 plaga
759 2181 784 2213 J
788 2180 865 2214 ovis
885 2180 958 2214 ales
977 2182 1102 2223 aperto

207 2234 394 2267 Turbabat
414 2234 505 2268 coelo
524 2247 530 2268 :
561 2245 659 2267 nunc
677 2238 793 2267 terras
812 2233 939 2267 ordine
957 2233 1067 2276 longo

206 2287 284 2321 Aut
305 2298 443 2330 capere,
466 2290 531 2320 aut
552 2290 675 2331 captas
691 2287 770 2331 jam
790 2287 996 2331 despectare
1016 2285 1199 2319 videntur.

206 2338 261 2374 Ut
280 2339 432 2373 reduces
452 2340 504 2373 1111
525 2340 661 2373 ludunt
681 2339 925 2374 stridentibus
944 2338 1023 2381 alis,

205 2393 255 2428 Et
274 2396 373 2428 ccetu
393 2393 538 2427 cinxere
557 2394 680 2438 polum
703 2396 905 2437 cantusque
924 2391 1055 2426 dedere
1076 2404 1084 2433 ;

1365 368 1408 388 35⁰

1370 633 1412 653 36³

1374 898 1415 918 :170

1379 1430 1421 1449 ³⁸0

1380 1696 1423 1715 5⁸⁵·

1385 1961 1426 1982 :wo

1389 2227 1431 2247 :195
