1528 2569
366 457 422 512 P.
487 459 794 513 VIRGILII
853 460 954 514 MA
966 461 1172 516 RONIS

578 597 966 644 CATALECTA.

567 828 597 862 Ι.
604 827 728 861 —AD
756 827 971 863 TUCOAM.

272 913 408 957 DfflA,
431 914 559 957 Tucca,
581 914 650 947 tibi
667 914 769 947 venit
787 927 794 955 ;
823 914 885 948 sed
905 926 1009 958 saepe
1028 914 1151 948 videre

327 968 413 1000 Non
431 967 516 1000 licet
534 980 540 1001 :
569 967 746 1001 occulitur
763 967 888 1000 limine
908 968 1028 1001 clausa
1045 967 1124 1001 viri.

273 1021 379 1054 Delia
397 1032 501 1064 saepe
520 1020 601 1063 tibi,
623 1032 697 1054 non
718 1020 818 1054 venit
836 1021 956 1054 adhuc
974 1020 1065 1054 mihi
1082 1033 1089 1055 ε
1117 1032 1275 1064 namque

297 1087 304 1093 ·
328 1074 365 1106 Si
384 1074 572 1116 occulitur,
594 1074 700 1117 longe
719 1076 785 1116 est,
807 1076 954 1117 tangere
975 1074 1072 1117 quod
1091 1085 1258 1117 nequeas,

274 1126 427 1160 Venerit
445 1127 507 1160 illa
525 1127 594 1160 tibi
610 1128 616 1160 !
674 1126 744 1160 Sed
763 1127 836 1160 iani
854 1127 927 1160 iam
945 1127 1037 1160 mihi
1055 1127 1207 1160 nuntius
1226 1126 1295 1160 iste

328 1179 424 1220 Quid
442 1179 588 1223 prodest
603 1180 615 1213 2
641 1179 696 1213 illi
714 1180 837 1223 dicito,
861 1192 953 1224 quae
974 1180 1083 1213 rediit
1101 1182 1107 1214 Ξ

232 1312 402 1347 IL—IN
431 1312 468 1346 O.
492 1312 711 1346 ANNIUM
740 1313 985 1346 OIMBRUM
1012 1312 1293 1347 RHETORffiz

328 1399 599 1432 Corinthiorum
618 1401 759 1432 amator
777 1399 845 1432 iste
864 1399 1070 1441 verborum,

328 1452 558 1495 Thucydides
578 1452 790 1494 Britannus,
812 1452 935 1485 Attice
954 1451 1076 1495 febris,

327 1505 403 1538 Tau
424 1505 616 1548 Gallicum,
638 1503 729 1548 min,
751 1505 798 1547 al,
821 1505 865 1537 sil
882 1507 925 1538 ut
943 1505 1037 1538 male
1056 1504 1164 1548 elisit,

327 1557 388 1591 Ita
406 1558 527 1591 onmia
545 1559 617 1592 ista
635 1558 745 1592 verba
763 1557 909 1591 miscuit
927 1557 1042 1592 fratri.

496 1703 567 1738 III.
575 1703 690 1737 —IN
717 1703 756 1737 N
759 1702 1041 1739 OCTUINUM⁴

329 1787 448 1830 Socer,
468 1787 574 1821 beate
593 1799 660 1821 nec
678 1787 746 1820 tibi
764 1798 830 1820 nec
849 1786 966 1830 alteri,

329 1841 520 1884 Generque
539 1840 737 1883 Noctuine,
758 1839 930 1883 putidum
949 1841 1069 1883 caput,

328 1894 452 1927 Tuone
471 1905 569 1927 nunc
587 1893 708 1937 puella
725 1893 822 1936 talis,
844 1893 916 1926 heu
934 1894 1001 1925 tuo

331 1947 484 1990 Stupore
503 1958 624 1990 pressa
643 1958 704 1979 rus
723 1946 837 1979 abibit
855 1946 866 1980 2
921 1945 994 1979 Hei
1011 1945 1127 1981 mihi!

330 1999 383 2033 Ut
403 2000 462 2033 ille
481 2011 607 2032 versus
625 2010 887 2043 usquequaque
906 1999 1066 2042 pertinet
1083 2010 1092 2034 ε

334 2052 446 2087 Gener
464 2064 631 2097 socerque,
649 2052 858 2097 perdidistis
877 2052 1008 2086 omnia.

554 2205 620 2240 IV.
627 2205 742 2239 ——IN
769 2204 1001 2239 EUNDEM.

332 2285 492 2330 Superbe
512 2286 710 2330 Noctuine,
732 2286 904 2330 putidum
923 2288 1043 2330 caput,

333 2339 453 2373 Datur
470 2339 540 2373 tibi
558 2340 690 2384 puella,
714 2351 825 2384 quam
843 2340 949 2384 petis,
971 2340 1107 2380 datm-3

333 2392 465 2436 Datur,
487 2393 640 2437 superbe
660 2392 858 2436 Noctuine,
881 2404 990 2438 quam
1009 2393 1112 2437 petis.
