1528 2569
658 101 831 130 ECLOGA
860 102 926 129 111.
1428 98 1448 133 7

135 190 205 225 Π16
223 190 310 224 colit
328 192 442 224 terras
460 203 468 231 ;
496 189 550 223 illi
568 201 649 224 mea
668 190 828 224 carmina
846 201 951 225 curae.

189 243 293 277 ΜΕΝ.
327 243 376 276 Et
394 255 452 276 me
472 243 635 276 Phoebus
654 246 752 277 amat
770 256 776 278 ε
806 243 948 277 Phoebo
967 254 1034 276 sua
1052 254 1194 288 semper
1212 244 1310 288 apud
1329 256 1388 279 me

136 295 293 330 Munera
312 298 411 338 sunt,
432 295 538 338 lam-i,
561 298 598 328 et
614 307 724 329 suave
742 296 878 329 rubens
896 295 1128 339 hyacinthus,

188 349 289 383 ΒΑΜ.
323 348 425 381 Malo
443 360 501 381 me
521 348 673 382 Galatea
690 348 796 393 petit,
818 348 952 382 lasciva
969 348 1092 392 puella
1110 361 1120 391 3

132 399 183 435 Et
201 401 297 444 fugit
315 401 362 434 ad
381 401 518 444 salices,
540 404 577 434 et
596 412 633 434 se
653 401 753 444 cupit
773 404 858 434 ante
876 401 1001 435 videri.
1423 401 1451 423 ⁸⁵

188 453 292 488 ΜΕΝ.
326 454 378 487 At
397 453 488 486 mihi
506 465 581 486 sese
601 454 705 487 offert
724 454 834 496 ultro,
856 465 959 487 meus
977 453 1084 498 ignis,
1105 454 1289 499 Amyntas
1305 469 1315 498 ς

135 506 270 540 Notior
287 509 331 540 ut
346 506 424 550 jam
444 506 491 539 sit
511 507 659 540 canibus
678 518 752 540 non
770 506 877 540 Delia
895 505 1039 541 nostris.

186 559 288 593 ΒΑΜ.
322 559 434 592 Parta
452 570 542 592 meae
562 559 697 592 Veneri
715 561 802 592 sunt
821 571 973 593 munera
988 572 998 601 3
1025 570 1183 604 namque
1202 560 1331 595 notavi

132 611 216 656 Ipse
234 612 367 654 locum,
389 611 493 645 aeriae
513 622 585 655 quo
600 612 806 654 congessere
824 611 1021 655 palumbes.

187 664 292 698 ΜΕΝ.
327 663 433 705 Quod
452 664 568 707 potui,
590 675 702 706 puero
722 664 891 707 sylvestri
909 675 955 697 ex
973 664 1100 698 arbore
1118 664 1214 699 lecta
1425 662 1454 687 ⁷⁰

132 717 255 751 Aurea
273 717 369 750 mala
387 716 510 749 decem
528 716 611 749 misi
626 729 635 757 3
664 727 741 749 cras
759 716 874 750 altera
891 716 1047 751 mittam.

185 770 287 803 ΒΑΜ.
321 769 352 803 O
372 769 527 813 quoties,
549 771 586 802 et
605 780 687 812 quae
706 769 810 802 nobis
830 769 983 803 Galatea
1000 769 1125 803 locuta
1143 772 1198 804 est
1217 771 1225 806 !

130 821 280 856 Partem
300 822 472 865 aliquam,
495 821 610 865 venti,
633 821 760 855 divam
778 822 944 855 referatis
962 822 1010 856 ad
1028 834 1132 856 aures
1149 825 1156 857 !

185 875 290 909 ΜΕΝ.
325 873 424 916 Quid
439 875 600 918 prodest,
610 875 709 918 quod
722 886 780 907 me
795 875 870 918 ipse
885 874 1007 908 animo
1018 886 1093 909 non
1108 875 1259 921 spernis,
1269 875 1447 922 Amynta,

131 927 182 972 Si,
205 927 293 962 dum
311 931 355 961 tu
373 927 519 961 sectaris
538 939 655 970 apros,
677 939 742 970 ego
761 925 854 960 retia
872 939 975 961 servo
992 927 1004 961 2
1421 928 1449 952 7⁵

183 981 286 1015 ΒΑΜ.
311 981 484 1024 Phyllida
502 980 608 1013 mitte
627 980 717 1013 1111111
734 993 742 1022 ;
770 991 872 1014 meus
887 983 942 1013 est
960 981 1105 1025 natalis,
1128 980 1208 1016 Iola
1223 993 1232 1018 :

132 1033 256 1075 Quum
273 1034 403 1067 faciam
421 1033 540 1066 vitula
558 1044 623 1076 pro
641 1033 819 1076 frugibus,
841 1033 916 1077 ipse
934 1034 1069 1068 venito.

185 1087 290 1121 ΜΕΝ.
324 1086 496 1130 Phyllida
514 1097 595 1119 amo
614 1089 699 1119 ante
718 1086 805 1120 alias
823 1099 831 1127 ;
859 1097 945 1119 nam
967 1098 1025 1119 me
1044 1086 1227 1121 discedere
1246 1087 1349 1123 flevit
1365 1100 1374 1124 ε

131 1139 194 1183 Et,
215 1140 394 1183 Longum,
415 1139 582 1182 formose,
603 1139 697 1182 vale,
718 1139 811 1182 vale,
832 1138 965 1182 inquit,
988 1139 1076 1174 Iola.

184 1193 287 1226 DAM.
320 1192 436 1226 Triste
454 1192 562 1235 lupus
581 1191 744 1234 stabulis,
766 1191 918 1225 maturis
936 1192 1102 1235 frugibus
1120 1192 1265 1237 imbres,
1416 1192 1445 1213 ⁸⁰

134 1244 336 1280 Arboribus
355 1245 469 1288 venti,
491 1244 596 1277 nobis
615 1244 851 1288 Amaryllidis
869 1244 942 1278 irae.

185 1298 289 1332 ΜΕΝ.
323 1298 438 1331 Dulce
458 1297 545 1330 satis
562 1297 705 1340 humor,
727 1296 886 1340 depulsis
904 1297 1057 1331 arbutus
1074 1297 1202 1342 haedis,

131 1350 250 1385 Lenta
268 1351 358 1384 salix
377 1351 467 1383 foeto
485 1350 616 1393 pecori,
637 1349 728 1382 mihi
746 1350 845 1383 solus
863 1350 1054 1394 Amyntas

184 1403 285 1437 ΒΑΜ.
320 1403 438 1436 Pollio
456 1404 554 1436 amat
572 1405 747 1445 nostram,
769 1402 936 1446 quamvis
954 1405 1009 1436 est
1027 1402 1175 1447 rustica,
1197 1403 1345 1439 Musam
1364 1418 1372 1441 :

130 1455 305 1499 Pierides,
327 1456 483 1489 vitulam
500 1455 627 1488 lectori
645 1453 783 1499 pascite
802 1457 932 1489 vestro.
1417 1456 1445 1476 ⁸⁵

183 1509 288 1543 ΜΕΝ.
322 1508 441 1542 Ρο1110
459 1511 497 1541 et
515 1509 590 1552 ipse
608 1508 696 1541 facit
715 1519 811 1542 nova
829 1508 987 1541 carmina
1004 1520 1011 1543 ε
1039 1508 1176 1552 pascite
1193 1511 1354 1554 taurum,

129 1561 158 1596 J
158 1573 217 1596 am
235 1573 346 1596 cornu
365 1564 478 1605 petat,
501 1564 538 1594 et
556 1561 710 1605 pedibus
729 1561 794 1605 qui
811 1563 955 1605 spargat
974 1572 1130 1595 arenam.

183 1615 285 1649 ΒΑΜ.
319 1614 391 1655 Qui
408 1617 458 1657 te,
480 1614 611 1657 Pollio,
633 1616 743 1657 amat,
767 1614 889 1647 veniat
908 1625 981 1657 quo
999 1617 1036 1647 te
1055 1625 1201 1658 quoque
1219 1614 1355 1659 gaudet
1374 1627 1383 1651 ε

130 1667 245 1701 Mella
263 1668 378 1701 fiuant
397 1666 463 1710 illi,
484 1667 578 1700 ferat
599 1669 636 1700 et
653 1667 767 1700 rubus
785 1677 890 1710 asper
907 1678 1100 1701 amomum.

183 1720 288 1755 ΜΕΝ.
322 1720 395 1761 Qui
414 1720 570 1753 Bavium
587 1731 663 1753 non
681 1720 771 1762 odit,
794 1722 891 1753 amet
909 1722 976 1753 tua
994 1719 1164 1763 carmina,
1187 1719 1302 1755 Maevi
1319 1731 1332 1763 5

129 1773 255 1817 Atque
272 1774 370 1807 idem
383 1773 517 1817 jungat
535 1773 675 1816 vulpes,
698 1775 735 1806 et
753 1773 916 1816 mulgeat
934 1772 1061 1806 hircos.

182 1826 284 1860 ΒΑΜ.
318 1825 390 1867 Qui
407 1825 526 1869 legitis
545 1826 661 1868 flores,
684 1828 720 1859 et
738 1825 843 1858 humi
860 1825 1045 1858 nascentia
1063 1825 1175 1869 fraga,

129 1878 310 1922 Frigidus,
332 1890 354 1912 o
372 1879 487 1923 pueri,
508 1878 624 1922 fugite
642 1878 740 1921 hinc,
762 1878 853 1911 latet
872 1876 1002 1921 anguis
1019 1877 1060 1912 in
1077 1875 1198 1912 herba.

182 1931 287 1966 ΜΕΝ.
321 1931 476 1974 Parcite,
498 1943 595 1974 oves,
616 1931 772 1964 nimium
789 1931 980 1974 procedere
997 1943 1006 1972 ;
1033 1942 1109 1964 non
1126 1931 1219 1964 bene
1236 1930 1324 1975 ripae

128 1983 300 2019 Creditur
317 1997 324 2019 :
352 1984 428 2028 ipse
447 1984 539 2017 aries
557 1984 668 2017 etiam
686 1995 784 2017 nunc
803 1984 935 2017 vellera
954 1983 1073 2018 siccat.

180 2037 283 2071 ΒΑΜ.
317 2037 454 2080 Tityre,
471 2039 659 2080 pascentes
678 2048 699 2070 a
716 2036 865 2069 flumine
883 2036 976 2070 reice
995 2036 1150 2080 capellas
1168 2048 1179 2078 ;

128 2089 225 2134 Ipse,
246 2090 311 2123 ubi
330 2092 474 2132 tempus
493 2090 574 2132 erit,
597 2100 721 2122 omnes
739 2089 778 2122 in
796 2089 898 2122 fonte
916 2089 1055 2122 lavabo.

180 2143 284 2177 ΜΕΝ.
319 2142 444 2186 Cogite
463 2153 559 2184 oves,
581 2142 684 2185 pueri
700 2154 708 2183 ;
737 2141 768 2174 si
784 2141 840 2175 lac
858 2141 1069 2185 praeceperit
1086 2143 1211 2185 aestus,

128 2194 181 2229 Ut
199 2207 327 2241 nuper,
349 2195 486 2229 frustra
503 2194 745 2238 pressabimus
763 2194 875 2227 ubera
893 2194 1031 2237 palmis.

179 2248 281 2282 ΒΑΜ.
315 2247 413 2291 Heu,
428 2248 512 2290 heu,
528 2258 638 2291 quam
652 2247 778 2290 pingui
789 2258 908 2280 macer
921 2249 975 2280 est
990 2246 1080 2280 1111111
1090 2249 1218 2280 taurus
1231 2246 1271 2280 in
1283 2249 1382 2283 ervo!
1404 2244 1442 2265 ’⁰⁰

128 2300 233 2335 Idem
252 2312 352 2334 amor
371 2301 524 2334 exitium
542 2300 673 2343 pecori,
695 2299 904 2343 pecorisque
923 2299 1104 2343 magistro.

180 2353 284 2388 ΜΕΝ.
320 2353 390 2387 His
409 2355 505 2387 certe
523 2364 641 2397 neque
661 2363 761 2386 amor
780 2363 886 2386 causa
905 2354 960 2386 est
977 2364 985 2387 z
1014 2352 1077 2386 vix
1095 2352 1236 2386 ossibus
1255 2352 1405 2388 haerent.

1418 1981 1445 2002 ⁹5
