1559 2584
112 60 193 98 108

583 70 769 97 VIRGILH
797 68 952 97 AENEIS.

217 157 306 199 Quae
326 157 407 202 quis
426 157 524 202 apud
542 168 702 201 superos,
723 157 823 191 furto
842 157 990 191 laetatus
1007 155 1120 202 inani,

213 211 370 245 Distulit
388 211 426 244 in
446 222 562 244 seram
581 209 769 244 commissa
779 209 922 254 piacula
938 213 1102 245 mortem.

216 264 399 298 Continuo
419 265 540 297 sontes
558 263 675 296 ultrix
695 263 856 296 accincta
874 263 1016 307 flagello

215 316 410 361 Tisiphone
430 316 551 360 quatit
569 315 762 359 insultans,
783 317 980 359 torvosque
999 315 1148 352 sinistra

215 369 412 403 Intentans
431 380 576 413 angues,
600 371 706 402 vocat
725 368 870 412 agmina
888 380 985 403 saeva
1003 381 1175 404 sororum.

215 422 309 456 Tum
328 422 477 456 demum
495 422 682 455 horrisono
701 422 896 455 stridentes
915 422 1059 456 cardine
1078 435 1186 457 sacrae

214 475 439 509 Panduntur
455 477 580 519 portae.
642 474 779 517 Cernis,
802 474 967 508 custodia
985 476 1103 519 qualis

214 527 410 562 Vestibulo
429 527 580 561 sedeat?
607 527 716 561 facies
736 539 818 571 quae
837 527 963 561 limina
982 530 1100 562 servet
1117 528 1129 562 2

216 580 493 625 Quinquaginta
511 580 599 617 atiis
617 580 787 614 immanis
805 580 966 614 hiatibus
984 581 1102 625 hydra

215 633 354 667 Saevior
371 634 472 667 intus
491 634 602 667 habet
621 633 772 668 sedem:
799 636 881 666 tum
893 633 1094 667 Tartarus
1083 645 1159 678 ipse

214 686 279 720 Bis
296 690 399 730 pa’set
418 687 456 720 in
475 698 526 730 pr·
519 698 633 731 eceps
651 689 810 729 tantum,
832 686 1026 730 tenditque
1045 687 1112 720 sub
1131 687 1290 733 umbras,

215 739 384 780 Quantus
403 739 449 773 ad
468 740 667 773 aetheieum
682 739 764 773 00611
783 742 971 783 suspectus
992 740 1199 784 Olympum.

213 792 287 826 Hic
305 804 419 836 genus
437 793 633 837 antiquum
650 795 770 836 terrae,
792 792 936 826 Titania
953 793 1080 837 pubes,

214 845 383 879 Fuhnine
402 845 547 889 dejecti,
569 846 684 879 fundo
703 846 905 879 volvuntur
923 845 962 879 in
980 845 1063 880 imo.

214 898 288 932 Hic
307 900 343 932 et
362 898 511 932 Aloidas
530 898 703 942 geminos,
725 899 898 932 immania
918 898 994 932 vidi

215 951 399 995 Corpora;
428 952 492 995 qui
510 951 678 985 manibus
696 963 869 995 magnum
887 951 1089 986 rescindere
1108 953 1240 987 coelum

213 1004 396 1048 Aggressi,
419 1005 631 1048 superisque
651 1004 677 1036 J
679 1015 784 1037 ovem
803 1004 995 1038 detrudere
1013 1005 1141 1048 regnis.

214 1057 304 1090 Vidi
323 1060 361 1090 et
380 1057 543 1090 crudeles
563 1057 711 1090 dantem
732 1056 922 1091 Salmonea
940 1068 1079 1101 poenas,

214 1110 314 1143 Dum
334 1110 498 1144 flammas
517 1109 543 1143 J
546 1110 623 1143 ovis
642 1112 678 1142 et
699 1109 839 1143 sonitus
858 1109 1025 1143 imitatur
1044 1110 1200 1155 Olympi.

215 1162 381 1203 Quatuor
398 1163 458 1196 hic
475 1163 643 1196 invectus
661 1162 774 1206 equis,
797 1165 834 1195 et
852 1162 1021 1206 lampada
1040 1175 1226 1209 quassans,

214 1216 286 1250 Per
307 1216 457 1250 Graium
476 1215 628 1260 populos
646 1215 849 1259 mediaeque
868 1227 932 1259 per
945 1216 1061 1249 Elidis
1080 1217 1208 1251 urbem

214 1269 300 1303 Ibat
318 1280 443 1313 ovans,
465 1269 675 1313 Divumque
695 1268 763 1301 sibi
780 1269 951 1312 poscebat
970 1269 1145 1303 honorem
1165 1283 1174 1312 3

213 1321 384 1366 Demens,
407 1322 471 1366 qui
490 1322 632 1355 nimbos
647 1323 683 1355 et
698 1333 771 1355 non
789 1321 966 1355 imitabile
984 1322 1124 1356 fulmen

213 1374 304 1409 AEre
323 1377 360 1409 et
380 1375 615 1418 cornipedum
634 1386 741 1408 cursu
758 1374 946 1408 simularat
965 1387 1142 1419 equorum
1161 1377 1168 1410 !

212 1428 265 1462 At
282 1430 387 1472 pater
405 1429 634 1472 omnipotens
653 1427 766 1461 densa
781 1428 878 1460 inter
895 1428 1023 1461 nubila
1041 1429 1158 1462 telum

213 1480 399 1515 Oontorsit
419 1480 506 1525 (non
526 1481 586 1514 illc
607 1481 714 1523 faces,
737 1492 804 1513 1160
822 1481 944 1514 fumea
958 1481 1066 1515 taedis

212 1533 398 1579 Lumina),
422 1534 718 1578 praecipitemque
737 1533 888 1566 immani
907 1534 1053 1568 turbine
1073 1534 1204 1578 adogit.

210 1586 292 1620 Nec
309 1598 383 1621 non
402 1589 440 1620 et
459 1587 604 1630 Tityon,
626 1586 744 1619 Terrae
764 1586 1024 1629 omniparentis
1042 1587 1245 1632 alumnum,

212 1639 365 1673 Cernere
385 1642 462 1674 erat
482 1652 488 1674 :
518 1651 583 1683 per
601 1642 681 1673 tota
700 1650 831 1672 novem
851 1638 909 1672 cui
923 1639 1053 1683 jugera
1071 1651 1200 1684 corpus

210 1692 416 1736 Porrigitur
435 1706 443 1735 ;
471 1695 661 1736 rostroque
680 1692 848 1725 immanis
867 1692 994 1725 ¹vultur
1012 1693 1154 1727 obunco

210 1745 422 1779 Immortale
437 1745 542 1789 jecur
557 1745 726 1787 tondens,
749 1744 993 1788 foecundaque
1012 1746 1130 1789 poenis

210 1797 370 1842 Viscera,
392 1799 618 1842 rimaturque
638 1798 763 1842 epulis,
788 1797 1002 1842 habitatque
1022 1799 1090 1832 sub
1109 1799 1185 1833 alto

210 1850 364 1885 Pectore
385 1864 391 1886 :
420 1863 486 1884 nec
506 1851 605 1884 fibris
623 1851 766 1895 requies
786 1851 895 1883 datur
914 1851 990 1884 ulla
1008 1852 1154 1885 renatis

208 1903 306 1944 Quid
325 1916 521 1938 memorem
541 1904 726 1948 Lapitham,
748 1903 891 1946 Ixiona,
914 1903 1222 1948 Pirithoumque?

208 1956 307 1998 Quos
326 1969 434 2001 super
452 1960 532 1991 atra
550 1958 641 1991 silex
655 1956 809 2001 jamjam
826 1956 983 2000 lapsura,
1006 1957 1224 2002 cadentique

206 2008 381 2043 Imminet
400 2010 575 2044 assimilis.
638 2011 779 2043 Lucent
797 2009 999 2053 genialibus
1017 2010 1100 2044 altis

205 2062 329 2096 Aurea
348 2064 465 2097 fulcra
483 2064 585 2106 toris,
608 2063 798 2107 epulaeque
817 2065 903 2095 ante
922 2074 985 2096 ora
1002 2066 1138 2106 paratae

205 2115 367 2159 Regifico
386 2117 477 2150 luxu
495 2129 502 2151 :
531 2116 723 2150 Furiarum
742 2115 902 2148 maxima
916 2115 1028 2159 juxta

203 2168 382 2211 Accubat,
408 2172 445 2203 et
464 2170 632 2203 manibus
651 2168 820 2213 prohibet-
839 2168 1050 2213 contingere
1068 2179 1227 2215 mensas,

202 2219 453 2266 Exsurgitque
472 2223 588 2256 facem
606 2222 790 2264 attollens,
812 2223 922 2265 atque
940 2220 1085 2255 intonat
1104 2233 1173 2257 ore.

203 2273 277 2307 Hic
297 2275 430 2318 quibus
449 2275 558 2309 invisi
576 2276 718 2318 fratres,
740 2274 830 2308 dum
849 2274 926 2307 vita
944 2274 1128 2318 manebat,

200 2325 420 2362 Pulsatusve
438 2339 579 2372 parenS,
602 2331 639 2362 et
658 2329 757 2362 fraus
775 2327 909 2361 innexa
927 2326 1051 2360 clienti
1068 2336 1076 2365 ;

1386 262 1427 286 570

1385 527 1427 550 575

1385 793 1428 812 5511

1384 1057 1426 1076 555

1385 1322 1426 1342 590

1382 1588 1395 1607 5
1398 1586 1424 1607 Ἧι

1381 1850 1423 1871 000

1379 2115 1419 2135 (JUS
